%YAML 1.1
%TAG !u! tag:unity3d.com,2011:
--- !u!1 &930139835204544259
GameObject:
  m_ObjectHideFlags: 0
  m_CorrespondingSourceObject: {fileID: 0}
  m_PrefabInstance: {fileID: 0}
  m_PrefabAsset: {fileID: 0}
  serializedVersion: 6
  m_Component:
  - component: {fileID: 930139835204544256}
  - component: {fileID: 930139835204544257}
  - component: {fileID: 930139835204544262}
  m_Layer: 0
  m_Name: Exit Trigger
  m_TagString: Untagged
  m_Icon: {fileID: 0}
  m_NavMeshLayer: 0
  m_StaticEditorFlags: 0
  m_IsActive: 1
--- !u!4 &930139835204544256
Transform:
  m_ObjectHideFlags: 0
  m_CorrespondingSourceObject: {fileID: 0}
  m_PrefabInstance: {fileID: 0}
  m_PrefabAsset: {fileID: 0}
  m_GameObject: {fileID: 930139835204544259}
  m_LocalRotation: {x: 0, y: 0, z: 0, w: 1}
  m_LocalPosition: {x: 0.052000046, y: 0.5300002, z: 2.4499998}
  m_LocalScale: {x: 1, y: 1, z: 1}
  m_Children: []
  m_Father: {fileID: 930139835360960211}
  m_RootOrder: 2
  m_LocalEulerAnglesHint: {x: 0, y: 0, z: 0}
--- !u!114 &930139835204544257
MonoBehaviour:
  m_ObjectHideFlags: 0
  m_CorrespondingSourceObject: {fileID: 0}
  m_PrefabInstance: {fileID: 0}
  m_PrefabAsset: {fileID: 0}
  m_GameObject: {fileID: 930139835204544259}
  m_Enabled: 1
  m_EditorHideFlags: 0
  m_Script: {fileID: 11500000, guid: 2c9100fb7b5c5234b9427b7708d4cdbd, type: 3}
  m_Name: 
  m_EditorClassIdentifier: 
--- !u!65 &930139835204544262
BoxCollider:
  m_ObjectHideFlags: 0
  m_CorrespondingSourceObject: {fileID: 0}
  m_PrefabInstance: {fileID: 0}
  m_PrefabAsset: {fileID: 0}
  m_GameObject: {fileID: 930139835204544259}
  m_Material: {fileID: 0}
  m_IsTrigger: 1
  m_Enabled: 1
  serializedVersion: 2
  m_Size: {x: 4.28, y: 12, z: 0.1}
  m_Center: {x: 0, y: 0, z: 0}
--- !u!1 &930139835245196318
GameObject:
  m_ObjectHideFlags: 0
  m_CorrespondingSourceObject: {fileID: 0}
  m_PrefabInstance: {fileID: 0}
  m_PrefabAsset: {fileID: 0}
  serializedVersion: 6
  m_Component:
  - component: {fileID: 930139835245196291}
  - component: {fileID: 930139835245196290}
  - component: {fileID: 930139835245196317}
  - component: {fileID: 930139835245196316}
  - component: {fileID: 930139835245196319}
  m_Layer: 0
  m_Name: WallGFX
  m_TagString: Untagged
  m_Icon: {fileID: 0}
  m_NavMeshLayer: 0
  m_StaticEditorFlags: 0
  m_IsActive: 1
--- !u!4 &930139835245196291
Transform:
  m_ObjectHideFlags: 0
  m_CorrespondingSourceObject: {fileID: 0}
  m_PrefabInstance: {fileID: 0}
  m_PrefabAsset: {fileID: 0}
  m_GameObject: {fileID: 930139835245196318}
  m_LocalRotation: {x: 0, y: 0, z: 0, w: 1}
  m_LocalPosition: {x: -2, y: -2, z: 0.5}
  m_LocalScale: {x: 1, y: 1, z: 0.2052}
  m_Children:
  - {fileID: 2013299293306191726}
  m_Father: {fileID: 930139835360960211}
  m_RootOrder: 0
  m_LocalEulerAnglesHint: {x: 0, y: 0, z: 0}
--- !u!33 &930139835245196290
MeshFilter:
  m_ObjectHideFlags: 0
  m_CorrespondingSourceObject: {fileID: 0}
  m_PrefabInstance: {fileID: 0}
  m_PrefabAsset: {fileID: 0}
  m_GameObject: {fileID: 930139835245196318}
  m_Mesh: {fileID: 0}
--- !u!23 &930139835245196317
MeshRenderer:
  m_ObjectHideFlags: 0
  m_CorrespondingSourceObject: {fileID: 0}
  m_PrefabInstance: {fileID: 0}
  m_PrefabAsset: {fileID: 0}
  m_GameObject: {fileID: 930139835245196318}
  m_Enabled: 1
  m_CastShadows: 1
  m_ReceiveShadows: 1
  m_DynamicOccludee: 1
  m_MotionVectors: 1
  m_LightProbeUsage: 1
  m_ReflectionProbeUsage: 1
  m_RayTracingMode: 2
  m_RayTraceProcedural: 0
  m_RenderingLayerMask: 1
  m_RendererPriority: 0
  m_Materials:
  - {fileID: 2100000, guid: b5c77573a98152642917b0386b3520bf, type: 2}
  m_StaticBatchInfo:
    firstSubMesh: 0
    subMeshCount: 0
  m_StaticBatchRoot: {fileID: 0}
  m_ProbeAnchor: {fileID: 0}
  m_LightProbeVolumeOverride: {fileID: 0}
  m_ScaleInLightmap: 1
  m_ReceiveGI: 1
  m_PreserveUVs: 0
  m_IgnoreNormalsForChartDetection: 0
  m_ImportantGI: 0
  m_StitchLightmapSeams: 1
  m_SelectedEditorRenderState: 2
  m_MinimumChartSize: 4
  m_AutoUVMaxDistance: 0.5
  m_AutoUVMaxAngle: 89
  m_LightmapParameters: {fileID: 0}
  m_SortingLayerID: 0
  m_SortingLayer: 0
  m_SortingOrder: 0
  m_AdditionalVertexStreams: {fileID: 0}
--- !u!114 &930139835245196316
MonoBehaviour:
  m_ObjectHideFlags: 0
  m_CorrespondingSourceObject: {fileID: 0}
  m_PrefabInstance: {fileID: 0}
  m_PrefabAsset: {fileID: 0}
  m_GameObject: {fileID: 930139835245196318}
  m_Enabled: 1
  m_EditorHideFlags: 0
  m_Script: {fileID: 11500000, guid: 8233d90336aea43098adf6dbabd606a2, type: 3}
  m_Name: 
  m_EditorClassIdentifier: 
  m_MeshFormatVersion: 1
  m_Faces:
  - m_Indexes: 000000000100000002000000010000000300000002000000
    m_SmoothingGroup: 0
    m_Uv:
      m_UseWorldSpace: 0
      m_FlipU: 0
      m_FlipV: 0
      m_SwapUV: 0
      m_Fill: 1
      m_Scale: {x: 1, y: 1}
      m_Offset: {x: 0, y: 0}
      m_Rotation: 0
      m_Anchor: 9
    m_Material: {fileID: 0}
    m_SubmeshIndex: 0
    m_ManualUV: 1
    elementGroup: -1
    m_TextureGroup: -1
  - m_Indexes: 040000000500000006000000050000000700000006000000
    m_SmoothingGroup: 0
    m_Uv:
      m_UseWorldSpace: 0
      m_FlipU: 0
      m_FlipV: 0
      m_SwapUV: 0
      m_Fill: 1
      m_Scale: {x: 1, y: 1}
      m_Offset: {x: 0, y: 0}
      m_Rotation: 0
      m_Anchor: 9
    m_Material: {fileID: 0}
    m_SubmeshIndex: 0
    m_ManualUV: 1
    elementGroup: -1
    m_TextureGroup: -1
  - m_Indexes: 08000000090000000a000000090000000b0000000a000000
    m_SmoothingGroup: 0
    m_Uv:
      m_UseWorldSpace: 0
      m_FlipU: 0
      m_FlipV: 0
      m_SwapUV: 0
      m_Fill: 1
      m_Scale: {x: 1, y: 1}
      m_Offset: {x: 0, y: 0}
      m_Rotation: 0
      m_Anchor: 9
    m_Material: {fileID: 0}
    m_SubmeshIndex: 0
    m_ManualUV: 1
    elementGroup: -1
    m_TextureGroup: -1
  - m_Indexes: 0c0000000d0000000e0000000d0000000f0000000e000000
    m_SmoothingGroup: 0
    m_Uv:
      m_UseWorldSpace: 0
      m_FlipU: 0
      m_FlipV: 0
      m_SwapUV: 0
      m_Fill: 1
      m_Scale: {x: 1, y: 1}
      m_Offset: {x: 0, y: 0}
      m_Rotation: 0
      m_Anchor: 9
    m_Material: {fileID: 0}
    m_SubmeshIndex: 0
    m_ManualUV: 1
    elementGroup: -1
    m_TextureGroup: -1
  - m_Indexes: 100000001100000012000000110000001300000012000000
    m_SmoothingGroup: 0
    m_Uv:
      m_UseWorldSpace: 0
      m_FlipU: 0
      m_FlipV: 0
      m_SwapUV: 0
      m_Fill: 1
      m_Scale: {x: 1, y: 1}
      m_Offset: {x: 0, y: 0}
      m_Rotation: 0
      m_Anchor: 9
    m_Material: {fileID: 0}
    m_SubmeshIndex: 0
    m_ManualUV: 1
    elementGroup: -1
    m_TextureGroup: -1
  - m_Indexes: 190000001b00000018000000180000001b00000014000000170000001800000014000000160000001700000014000000140000001500000016000000190000001a0000001b000000
    m_SmoothingGroup: 0
    m_Uv:
      m_UseWorldSpace: 0
      m_FlipU: 0
      m_FlipV: 0
      m_SwapUV: 0
      m_Fill: 1
      m_Scale: {x: 1, y: 1}
      m_Offset: {x: 0, y: 0}
      m_Rotation: 0
      m_Anchor: 9
    m_Material: {fileID: 0}
    m_SubmeshIndex: 0
    m_ManualUV: 0
    elementGroup: -1
    m_TextureGroup: -1
  - m_Indexes: 1e0000001d0000001c0000001e0000001f0000001d000000
    m_SmoothingGroup: -1
    m_Uv:
      m_UseWorldSpace: 0
      m_FlipU: 0
      m_FlipV: 0
      m_SwapUV: 0
      m_Fill: 1
      m_Scale: {x: 1, y: 1}
      m_Offset: {x: 0, y: 0}
      m_Rotation: 0
      m_Anchor: 9
    m_Material: {fileID: 0}
    m_SubmeshIndex: 0
    m_ManualUV: 0
    elementGroup: -1
    m_TextureGroup: -1
  - m_Indexes: 220000002100000020000000220000002300000021000000
    m_SmoothingGroup: -1
    m_Uv:
      m_UseWorldSpace: 0
      m_FlipU: 0
      m_FlipV: 0
      m_SwapUV: 0
      m_Fill: 1
      m_Scale: {x: 1, y: 1}
      m_Offset: {x: 0, y: 0}
      m_Rotation: 0
      m_Anchor: 9
    m_Material: {fileID: 0}
    m_SubmeshIndex: 0
    m_ManualUV: 0
    elementGroup: -1
    m_TextureGroup: -1
  - m_Indexes: 270000002800000026000000280000002400000026000000260000002400000025000000
    m_SmoothingGroup: -1
    m_Uv:
      m_UseWorldSpace: 0
      m_FlipU: 0
      m_FlipV: 0
      m_SwapUV: 0
      m_Fill: 1
      m_Scale: {x: 1, y: 1}
      m_Offset: {x: 0, y: 0}
      m_Rotation: 0
      m_Anchor: 9
    m_Material: {fileID: 0}
    m_SubmeshIndex: 0
    m_ManualUV: 0
    elementGroup: -1
    m_TextureGroup: -1
  - m_Indexes: 2d0000002e0000002c0000002c0000002e0000002b0000002e000000290000002b0000002b000000290000002a000000
    m_SmoothingGroup: -1
    m_Uv:
      m_UseWorldSpace: 0
      m_FlipU: 0
      m_FlipV: 0
      m_SwapUV: 0
      m_Fill: 1
      m_Scale: {x: 1, y: 1}
      m_Offset: {x: 0, y: 0}
      m_Rotation: 0
      m_Anchor: 9
    m_Material: {fileID: 0}
    m_SubmeshIndex: 0
    m_ManualUV: 0
    elementGroup: -1
    m_TextureGroup: -1
  - m_Indexes: 33000000340000003200000032000000340000002f000000320000002f00000031000000310000002f00000030000000
    m_SmoothingGroup: -1
    m_Uv:
      m_UseWorldSpace: 0
      m_FlipU: 0
      m_FlipV: 0
      m_SwapUV: 0
      m_Fill: 1
      m_Scale: {x: 1, y: 1}
      m_Offset: {x: 0, y: 0}
      m_Rotation: 0
      m_Anchor: 9
    m_Material: {fileID: 0}
    m_SubmeshIndex: 0
    m_ManualUV: 0
    elementGroup: -1
    m_TextureGroup: -1
  - m_Indexes: 380000003900000037000000370000003900000035000000370000003500000036000000
    m_SmoothingGroup: -1
    m_Uv:
      m_UseWorldSpace: 0
      m_FlipU: 0
      m_FlipV: 0
      m_SwapUV: 0
      m_Fill: 1
      m_Scale: {x: 1, y: 1}
      m_Offset: {x: 0, y: 0}
      m_Rotation: 0
      m_Anchor: 9
    m_Material: {fileID: 0}
    m_SubmeshIndex: 0
    m_ManualUV: 0
    elementGroup: -1
    m_TextureGroup: -1
  - m_Indexes: 3d0000003e0000003c0000003c0000003e0000003a0000003c0000003a0000003b000000
    m_SmoothingGroup: -1
    m_Uv:
      m_UseWorldSpace: 0
      m_FlipU: 0
      m_FlipV: 0
      m_SwapUV: 0
      m_Fill: 1
      m_Scale: {x: 1, y: 1}
      m_Offset: {x: 0, y: 0}
      m_Rotation: 0
      m_Anchor: 9
    m_Material: {fileID: 0}
    m_SubmeshIndex: 0
    m_ManualUV: 0
    elementGroup: -1
    m_TextureGroup: -1
  - m_Indexes: 3f0000004000000041000000430000003f00000041000000430000004100000042000000
    m_SmoothingGroup: -1
    m_Uv:
      m_UseWorldSpace: 0
      m_FlipU: 0
      m_FlipV: 0
      m_SwapUV: 0
      m_Fill: 1
      m_Scale: {x: 1, y: 1}
      m_Offset: {x: 0, y: 0}
      m_Rotation: 0
      m_Anchor: 9
    m_Material: {fileID: 0}
    m_SubmeshIndex: 0
    m_ManualUV: 0
    elementGroup: -1
    m_TextureGroup: -1
  - m_Indexes: 460000004500000044000000
    m_SmoothingGroup: 0
    m_Uv:
      m_UseWorldSpace: 0
      m_FlipU: 0
      m_FlipV: 0
      m_SwapUV: 0
      m_Fill: 1
      m_Scale: {x: 1, y: 1}
      m_Offset: {x: 0, y: 0}
      m_Rotation: 0
      m_Anchor: 9
    m_Material: {fileID: 2100000, guid: 31321ba15b8f8eb4c954353edc038b1d, type: 2}
    m_SubmeshIndex: 0
    m_ManualUV: 0
    elementGroup: 0
    m_TextureGroup: -1
  - m_Indexes: 470000004800000049000000
    m_SmoothingGroup: 0
    m_Uv:
      m_UseWorldSpace: 0
      m_FlipU: 0
      m_FlipV: 0
      m_SwapUV: 0
      m_Fill: 1
      m_Scale: {x: 1, y: 1}
      m_Offset: {x: 0, y: 0}
      m_Rotation: 0
      m_Anchor: 9
    m_Material: {fileID: 2100000, guid: 31321ba15b8f8eb4c954353edc038b1d, type: 2}
    m_SubmeshIndex: 0
    m_ManualUV: 0
    elementGroup: 0
    m_TextureGroup: -1
  - m_Indexes: 4c0000004b0000004a000000
    m_SmoothingGroup: 0
    m_Uv:
      m_UseWorldSpace: 0
      m_FlipU: 0
      m_FlipV: 0
      m_SwapUV: 0
      m_Fill: 1
      m_Scale: {x: 1, y: 1}
      m_Offset: {x: 0, y: 0}
      m_Rotation: 0
      m_Anchor: 9
    m_Material: {fileID: 2100000, guid: 31321ba15b8f8eb4c954353edc038b1d, type: 2}
    m_SubmeshIndex: 0
    m_ManualUV: 0
    elementGroup: 0
    m_TextureGroup: -1
  - m_Indexes: 4d0000004e0000004f000000
    m_SmoothingGroup: 0
    m_Uv:
      m_UseWorldSpace: 0
      m_FlipU: 0
      m_FlipV: 0
      m_SwapUV: 0
      m_Fill: 1
      m_Scale: {x: 1, y: 1}
      m_Offset: {x: 0, y: 0}
      m_Rotation: 0
      m_Anchor: 9
    m_Material: {fileID: 2100000, guid: 31321ba15b8f8eb4c954353edc038b1d, type: 2}
    m_SubmeshIndex: 0
    m_ManualUV: 0
    elementGroup: 0
    m_TextureGroup: -1
  m_SharedVertices:
  - m_Vertices: 000000001800000028000000
  - m_Vertices: 01000000170000003f000000
  - m_Vertices: 02000000240000002e000000
  - m_Vertices: 030000002900000043000000
  - m_Vertices: 040000001600000040000000
  - m_Vertices: 05000000150000003a000000
  - m_Vertices: 0600000021000000410000004d000000
  - m_Vertices: 07000000200000003e0000004a000000
  - m_Vertices: 08000000140000003b000000
  - m_Vertices: 090000001b00000035000000
  - m_Vertices: 0a000000340000003c000000
  - m_Vertices: 0b0000002f00000039000000
  - m_Vertices: 0c0000001a00000036000000
  - m_Vertices: 0d0000001900000027000000
  - m_Vertices: 0e0000001d0000003700000047000000
  - m_Vertices: 0f0000001c0000002600000044000000
  - m_Vertices: 100000001e0000002c00000045000000
  - m_Vertices: 11000000230000002b0000004e000000
  - m_Vertices: 120000001f0000003100000048000000
  - m_Vertices: 1300000022000000320000004b000000
  - m_Vertices: 250000002d00000046000000
  - m_Vertices: 2a000000420000004f000000
  - m_Vertices: 300000003800000049000000
  - m_Vertices: 330000003d0000004c000000
  m_SharedTextures: []
  m_Positions:
  - {x: 0.099245034, y: 0, z: 0}
  - {x: 3.900755, y: 0, z: 0}
  - {x: 0.099245034, y: 3.900755, z: 0}
  - {x: 3.900755, y: 3.900755, z: 0}
  - {x: 4, y: 0, z: -0.099245034}
  - {x: 4, y: 0, z: -0.900755}
  - {x: 4, y: 3.900755, z: -0.099245034}
  - {x: 4, y: 3.900755, z: -0.900755}
  - {x: 3.900755, y: 0, z: -1}
  - {x: 0.099245034, y: 0, z: -1}
  - {x: 3.900755, y: 3.900755, z: -1}
  - {x: 0.099245034, y: 3.900755, z: -1}
  - {x: 0, y: 0, z: -0.900755}
  - {x: 0, y: 0, z: -0.099245034}
  - {x: 0, y: 3.900755, z: -0.900755}
  - {x: 0, y: 3.900755, z: -0.099245034}
  - {x: 0.099245034, y: 4, z: -0.099245034}
  - {x: 3.900755, y: 4, z: -0.099245034}
  - {x: 0.099245034, y: 4, z: -0.900755}
  - {x: 3.900755, y: 4, z: -0.900755}
  - {x: 3.900755, y: 0, z: -1}
  - {x: 4, y: 0, z: -0.900755}
  - {x: 4, y: 0, z: -0.099245034}
  - {x: 3.900755, y: 0, z: 0}
  - {x: 0.099245034, y: 0, z: 0}
  - {x: 0, y: 0, z: -0.099245034}
  - {x: 0, y: 0, z: -0.900755}
  - {x: 0.099245034, y: 0, z: -1}
  - {x: 0, y: 3.900755, z: -0.099245034}
  - {x: 0, y: 3.900755, z: -0.900755}
  - {x: 0.099245034, y: 4, z: -0.099245034}
  - {x: 0.099245034, y: 4, z: -0.900755}
  - {x: 4, y: 3.900755, z: -0.900755}
  - {x: 4, y: 3.900755, z: -0.099245034}
  - {x: 3.900755, y: 4, z: -0.900755}
  - {x: 3.900755, y: 4, z: -0.099245034}
  - {x: 0.099245034, y: 3.900755, z: 0}
  - {x: 0.05729914, y: 3.9427009, z: -0.041945893}
  - {x: 0, y: 3.900755, z: -0.099245034}
  - {x: 0, y: 0, z: -0.099245034}
  - {x: 0.099245034, y: 0, z: 0}
  - {x: 3.900755, y: 3.900755, z: 0}
  - {x: 3.9427009, y: 3.9427009, z: -0.0419459}
  - {x: 3.900755, y: 4, z: -0.099245034}
  - {x: 0.099245034, y: 4, z: -0.099245034}
  - {x: 0.05729914, y: 3.9427009, z: -0.041945893}
  - {x: 0.099245034, y: 3.900755, z: 0}
  - {x: 0.099245034, y: 3.900755, z: -1}
  - {x: 0.05729914, y: 3.9427009, z: -0.9580541}
  - {x: 0.099245034, y: 4, z: -0.900755}
  - {x: 3.900755, y: 4, z: -0.900755}
  - {x: 3.9427009, y: 3.9427009, z: -0.9580541}
  - {x: 3.900755, y: 3.900755, z: -1}
  - {x: 0.099245034, y: 0, z: -1}
  - {x: 0, y: 0, z: -0.900755}
  - {x: 0, y: 3.900755, z: -0.900755}
  - {x: 0.05729914, y: 3.9427009, z: -0.9580541}
  - {x: 0.099245034, y: 3.900755, z: -1}
  - {x: 4, y: 0, z: -0.900755}
  - {x: 3.900755, y: 0, z: -1}
  - {x: 3.900755, y: 3.900755, z: -1}
  - {x: 3.9427009, y: 3.9427009, z: -0.9580541}
  - {x: 4, y: 3.900755, z: -0.900755}
  - {x: 3.900755, y: 0, z: 0}
  - {x: 4, y: 0, z: -0.099245034}
  - {x: 4, y: 3.900755, z: -0.099245034}
  - {x: 3.9427009, y: 3.9427009, z: -0.0419459}
  - {x: 3.900755, y: 3.900755, z: 0}
  - {x: 0, y: 3.900755, z: -0.099245034}
  - {x: 0.099245034, y: 4, z: -0.099245034}
  - {x: 0.05729914, y: 3.9427009, z: -0.041945893}
  - {x: 0, y: 3.900755, z: -0.900755}
  - {x: 0.099245034, y: 4, z: -0.900755}
  - {x: 0.05729914, y: 3.9427009, z: -0.9580541}
  - {x: 4, y: 3.900755, z: -0.900755}
  - {x: 3.900755, y: 4, z: -0.900755}
  - {x: 3.9427009, y: 3.9427009, z: -0.9580541}
  - {x: 4, y: 3.900755, z: -0.099245034}
  - {x: 3.900755, y: 4, z: -0.099245034}
  - {x: 3.9427009, y: 3.9427009, z: -0.0419459}
  m_Textures0:
  - {x: -0.099245034, y: 0}
  - {x: -3.900755, y: 0}
  - {x: -0.099245034, y: 3.900755}
  - {x: -3.900755, y: 3.900755}
  - {x: -0.099245034, y: 0}
  - {x: -0.900755, y: 0}
  - {x: -0.099245034, y: 3.900755}
  - {x: -0.900755, y: 3.900755}
  - {x: 3.900755, y: 0}
  - {x: 0.099245034, y: 0}
  - {x: 3.900755, y: 3.900755}
  - {x: 0.099245034, y: 3.900755}
  - {x: 0.900755, y: 0}
  - {x: 0.099245034, y: 0}
  - {x: 0.900755, y: 3.900755}
  - {x: 0.099245034, y: 3.900755}
  - {x: 0.099245034, y: -0.099245034}
  - {x: 3.900755, y: -0.099245034}
  - {x: 0.099245034, y: -0.900755}
  - {x: 3.900755, y: -0.900755}
  - {x: -3.900755, y: -1}
  - {x: -4, y: -0.900755}
  - {x: -4, y: -0.099245034}
  - {x: -3.900755, y: 0}
  - {x: -0.099245034, y: 0}
  - {x: 0, y: -0.099245034}
  - {x: 0, y: -0.900755}
  - {x: -0.099245034, y: -1}
  - {x: 2.7582507, y: -0.099245034}
  - {x: 2.7582507, y: -0.900755}
  - {x: 2.8986044, y: -0.099245034}
  - {x: 2.8986044, y: -0.900755}
  - {x: 0.07017686, y: -0.900755}
  - {x: 0.07017686, y: -0.099245034}
  - {x: -0.07017686, y: -0.900755}
  - {x: -0.07017686, y: -0.099245034}
  - {x: -0.07017683, y: 3.900755}
  - {x: -0.010856385, y: 3.9427009}
  - {x: 0.07017683, y: 3.900755}
  - {x: 0.07017683, y: 0}
  - {x: -0.07017683, y: 0}
  - {x: -3.900755, y: 2.758251}
  - {x: -3.9427009, y: 2.8175714}
  - {x: -3.900755, y: 2.8986046}
  - {x: -0.099245034, y: 2.8986046}
  - {x: -0.05729914, y: 2.8175714}
  - {x: -0.099245034, y: 2.758251}
  - {x: 0.099245034, y: 2.0511444}
  - {x: 0.05729914, y: 2.1104648}
  - {x: 0.099245034, y: 2.191498}
  - {x: 3.900755, y: 2.191498}
  - {x: 3.9427009, y: 2.1104648}
  - {x: 3.900755, y: 2.0511444}
  - {x: 0.77728355, y: 1.933919e-10}
  - {x: 0.63692987, y: 1.933919e-10}
  - {x: 0.63692987, y: 3.900755}
  - {x: 0.7179631, y: 3.9427009}
  - {x: 0.77728355, y: 3.900755}
  - {x: 2.191498, y: 0.000000008496612}
  - {x: 2.0511444, y: 0.000000008496612}
  - {x: 2.0511444, y: 3.900755}
  - {x: 2.1104648, y: 3.9427009}
  - {x: 2.191498, y: 3.900755}
  - {x: -2.7582507, y: 0.0000000027389355}
  - {x: -2.8986044, y: 0.0000000027389355}
  - {x: -2.8986044, y: 3.900755}
  - {x: -2.8175712, y: 3.9427009}
  - {x: -2.7582507, y: 3.900755}
  - {x: 2.758251, y: -0.6109761}
  - {x: 2.8986046, y: -0.6109761}
  - {x: 2.8284278, y: -0.55265754}
  - {x: 2.758251, y: -0.3715441}
  - {x: 2.8986046, y: -0.3715441}
  - {x: 2.8284278, y: -0.42986262}
  - {x: 0.07017686, y: 0.15498447}
  - {x: -0.07017686, y: 0.15498447}
  - {x: 0, y: 0.09666594}
  - {x: 0.07017687, y: -1.1375047}
  - {x: -0.07017687, y: -1.1375047}
  - {x: 0, y: -1.0791861}
  m_Textures2: []
  m_Textures3: []
  m_Tangents:
  - {x: -1, y: 0, z: 0, w: -1}
  - {x: -1, y: 0, z: 0, w: -1}
  - {x: -1, y: 0, z: 0, w: -1}
  - {x: -1, y: 0, z: 0, w: -1}
  - {x: 0, y: 0, z: 1, w: -1}
  - {x: 0, y: 0, z: 1, w: -1}
  - {x: 0, y: 0, z: 1, w: -1}
  - {x: 0, y: 0, z: 1, w: -1}
  - {x: 1, y: 0, z: 0, w: -1}
  - {x: 1, y: 0, z: 0, w: -1}
  - {x: 1, y: 0, z: 0, w: -1}
  - {x: 1, y: 0, z: 0, w: -1}
  - {x: 0, y: 0, z: -1, w: -1}
  - {x: 0, y: 0, z: -1, w: -1}
  - {x: 0, y: 0, z: -1, w: -1}
  - {x: 0, y: 0, z: -1, w: -1}
  - {x: 1, y: 0, z: 0, w: -1}
  - {x: 1, y: 0, z: 0, w: -1}
  - {x: 1, y: 0, z: 0, w: -1}
  - {x: 1, y: 0, z: 0, w: -1}
  - {x: -1, y: 0, z: 0, w: -1}
  - {x: -1, y: 0, z: 0, w: -1}
  - {x: -1, y: 0, z: 0, w: -1}
  - {x: -1, y: 0, z: 0, w: -1}
  - {x: -1, y: 0, z: 0, w: -1}
  - {x: -1, y: 0, z: 0, w: -1}
  - {x: -1, y: 0, z: 0, w: -1}
  - {x: -1, y: 0, z: 0, w: -1}
  - {x: 0.7071067, y: 0.7071069, z: 0, w: -1}
  - {x: 0.7071067, y: 0.7071069, z: 0, w: -1}
  - {x: 0.7071067, y: 0.7071069, z: 0, w: -1}
  - {x: 0.7071067, y: 0.7071069, z: 0, w: -1}
  - {x: 0.7071068, y: -0.7071068, z: 0, w: -1}
  - {x: 0.7071068, y: -0.7071068, z: 0, w: -1}
  - {x: 0.7071068, y: -0.7071068, z: 0, w: -1}
  - {x: 0.7071068, y: -0.7071068, z: 0, w: -1}
  - {x: -0.7071068, y: 0, z: -0.7071068, w: -1}
  - {x: -0.7071068, y: 0, z: -0.7071068, w: -1}
  - {x: -0.70710677, y: 0, z: -0.70710677, w: -1}
  - {x: -0.7071068, y: 0, z: -0.7071068, w: -1}
  - {x: -0.7071068, y: 0, z: -0.7071068, w: -1}
  - {x: -1, y: -0.0000003350974, z: 0.00000012312596, w: -1}
  - {x: -1, y: -0.0000006701948, z: 0.00000024625191, w: -1}
  - {x: -1, y: -0.00000022339827, z: 0.00000008208397, w: -1}
  - {x: -1, y: 0.00000033509775, z: -0.000000034314272, w: -1}
  - {x: -1, y: 0.0000006701955, z: -0.000000068628545, w: -1}
  - {x: -1, y: 0.0000002233985, z: -0.000000022876181, w: -1}
  - {x: 1, y: -0.00000022339849, z: 0.000000050070895, w: -1}
  - {x: 1, y: -0.00000067019545, z: 0.0000001502127, w: -1}
  - {x: 1, y: -0.00000033509772, z: 0.00000007510635, w: -1}
  - {x: 1, y: 0.00000022339827, z: -0.000000050070867, w: -1}
  - {x: 1, y: 0.0000006701948, z: -0.0000001502126, w: -1}
  - {x: 1, y: 0.0000003350974, z: -0.0000000751063, w: -1}
  - {x: 0.7071069, y: 0, z: -0.7071067, w: -1}
  - {x: 0.7071069, y: 0, z: -0.7071067, w: -1}
  - {x: 0.70710677, y: -4.099317e-15, z: -0.70710677, w: -1}
  - {x: 0.7071069, y: 0, z: -0.7071067, w: -1}
  - {x: 0.7071069, y: -2.305866e-15, z: -0.7071067, w: -1}
  - {x: 0.707107, y: 0, z: 0.7071066, w: -1}
  - {x: 0.707107, y: 0, z: 0.7071066, w: -1}
  - {x: 0.707107, y: -7.683908e-15, z: 0.7071066, w: -1}
  - {x: 0.707107, y: 0, z: 0.7071066, w: -1}
  - {x: 0.707107, y: 0, z: 0.7071066, w: -1}
  - {x: -0.707107, y: 0, z: 0.70710665, w: -1}
  - {x: -0.707107, y: 0, z: 0.70710665, w: -1}
  - {x: -0.70710695, y: 0, z: 0.7071067, w: -1}
  - {x: -0.70710695, y: 0, z: 0.7071067, w: -1}
  - {x: -0.707107, y: 8.933924e-15, z: 0.70710665, w: -1}
  - {x: 0.70710665, y: 0.707107, z: 0.000000011095785, w: -1}
  - {x: 0.70710665, y: 0.707107, z: 0.000000011095785, w: -1}
  - {x: 0.70710665, y: 0.707107, z: 0.000000011095785, w: -1}
  - {x: 0.70710665, y: 0.707107, z: -0.000000011095786, w: -1}
  - {x: 0.70710665, y: 0.707107, z: -0.000000011095786, w: -1}
  - {x: 0.70710665, y: 0.707107, z: -0.000000011095786, w: -1}
  - {x: 0.7071068, y: -0.7071068, z: 0, w: -1}
  - {x: 0.7071068, y: -0.7071068, z: 0, w: -1}
  - {x: 0.7071068, y: -0.7071068, z: 0, w: -1}
  - {x: 0.70710677, y: -0.70710677, z: 0, w: -1}
  - {x: 0.70710677, y: -0.70710677, z: 0, w: -1}
  - {x: 0.70710677, y: -0.70710677, z: 0, w: -1}
  m_Colors: []
  m_UnwrapParameters:
    m_HardAngle: 88
    m_PackMargin: 20
    m_AngleError: 8
    m_AreaError: 15
  m_PreserveMeshAssetOnDestroy: 0
  assetGuid: 
  m_IsSelectable: 1
  m_SelectedFaces: 
  m_SelectedEdges: []
  m_SelectedVertices: 
--- !u!64 &930139835245196319
MeshCollider:
  m_ObjectHideFlags: 0
  m_CorrespondingSourceObject: {fileID: 0}
  m_PrefabInstance: {fileID: 0}
  m_PrefabAsset: {fileID: 0}
  m_GameObject: {fileID: 930139835245196318}
  m_Material: {fileID: 0}
  m_IsTrigger: 0
  m_Enabled: 1
  serializedVersion: 4
  m_Convex: 0
  m_CookingOptions: 30
  m_Mesh: {fileID: 0}
--- !u!1 &930139835360960237
GameObject:
  m_ObjectHideFlags: 0
  m_CorrespondingSourceObject: {fileID: 0}
  m_PrefabInstance: {fileID: 0}
  m_PrefabAsset: {fileID: 0}
  serializedVersion: 6
  m_Component:
  - component: {fileID: 930139835360960211}
  - component: {fileID: 930139835360960210}
  m_Layer: 0
  m_Name: uteBlockade(Trigger)
  m_TagString: Untagged
  m_Icon: {fileID: 0}
  m_NavMeshLayer: 0
  m_StaticEditorFlags: 0
  m_IsActive: 1
--- !u!4 &930139835360960211
Transform:
  m_ObjectHideFlags: 0
  m_CorrespondingSourceObject: {fileID: 0}
  m_PrefabInstance: {fileID: 0}
  m_PrefabAsset: {fileID: 0}
  m_GameObject: {fileID: 930139835360960237}
  m_LocalRotation: {x: 0, y: 0, z: 0, w: 1}
  m_LocalPosition: {x: -9.75, y: 1.75, z: 41.6}
  m_LocalScale: {x: 1, y: 1, z: 1}
  m_Children:
  - {fileID: 930139835245196291}
  - {fileID: 930139836063185163}
  - {fileID: 930139835204544256}
  m_Father: {fileID: 0}
  m_RootOrder: 0
  m_LocalEulerAnglesHint: {x: 0, y: 0, z: 0}
--- !u!114 &930139835360960210
MonoBehaviour:
  m_ObjectHideFlags: 0
  m_CorrespondingSourceObject: {fileID: 0}
  m_PrefabInstance: {fileID: 0}
  m_PrefabAsset: {fileID: 0}
  m_GameObject: {fileID: 930139835360960237}
  m_Enabled: 1
  m_EditorHideFlags: 0
  m_Script: {fileID: 11500000, guid: 4285bd09839d21346a196fd3765902ba, type: 3}
  m_Name: 
  m_EditorClassIdentifier: 
  _triggerConsequences: []
  _hideAmount: 4
  _isConsequenceDependent: 0
  _isOpen: 0
  triggerScreenShake: 1
  _doorVFX: {fileID: 1566795733642203867, guid: 73ac916f590d9f343aea2fd50e9e173a, type: 3}
  _vfxPoint: {fileID: 2013299293306191726}
  _checkPoint: {fileID: 0}
  _moveRate: 0.01
  _closeRate: 0
  _moveAmount: 0.01
--- !u!1 &930139836063185162
GameObject:
  m_ObjectHideFlags: 0
  m_CorrespondingSourceObject: {fileID: 0}
  m_PrefabInstance: {fileID: 0}
  m_PrefabAsset: {fileID: 0}
  serializedVersion: 6
  m_Component:
  - component: {fileID: 930139836063185163}
  - component: {fileID: 930139836063185160}
  - component: {fileID: 2527695662083175799}
  m_Layer: 0
  m_Name: Open Trigger
  m_TagString: Untagged
  m_Icon: {fileID: 0}
  m_NavMeshLayer: 0
  m_StaticEditorFlags: 0
  m_IsActive: 1
--- !u!4 &930139836063185163
Transform:
  m_ObjectHideFlags: 0
  m_CorrespondingSourceObject: {fileID: 0}
  m_PrefabInstance: {fileID: 0}
  m_PrefabAsset: {fileID: 0}
  m_GameObject: {fileID: 930139836063185162}
  m_LocalRotation: {x: 0, y: 0, z: 0, w: 1}
  m_LocalPosition: {x: 3.75, y: 0, z: -7}
  m_LocalScale: {x: 1, y: 1, z: 1}
  m_Children: []
  m_Father: {fileID: 930139835360960211}
  m_RootOrder: 1
  m_LocalEulerAnglesHint: {x: 0, y: 0, z: 0}
--- !u!114 &930139836063185160
MonoBehaviour:
  m_ObjectHideFlags: 0
  m_CorrespondingSourceObject: {fileID: 0}
  m_PrefabInstance: {fileID: 0}
  m_PrefabAsset: {fileID: 0}
  m_GameObject: {fileID: 930139836063185162}
  m_Enabled: 1
  m_EditorHideFlags: 0
  m_Script: {fileID: 11500000, guid: 2c9100fb7b5c5234b9427b7708d4cdbd, type: 3}
  m_Name: 
  m_EditorClassIdentifier: 
--- !u!65 &2527695662083175799
BoxCollider:
  m_ObjectHideFlags: 0
  m_CorrespondingSourceObject: {fileID: 0}
  m_PrefabInstance: {fileID: 0}
  m_PrefabAsset: {fileID: 0}
  m_GameObject: {fileID: 930139836063185162}
  m_Material: {fileID: 0}
  m_IsTrigger: 1
  m_Enabled: 1
  serializedVersion: 2
  m_Size: {x: 4.28, y: 12, z: 0.1}
  m_Center: {x: 0, y: 0, z: 0}
--- !u!1 &8941933477258567749
GameObject:
  m_ObjectHideFlags: 0
  m_CorrespondingSourceObject: {fileID: 0}
  m_PrefabInstance: {fileID: 0}
  m_PrefabAsset: {fileID: 0}
  serializedVersion: 6
  m_Component:
  - component: {fileID: 2013299293306191726}
  m_Layer: 0
  m_Name: VFXpoint
  m_TagString: Untagged
  m_Icon: {fileID: -5397416234189338067, guid: 0000000000000000d000000000000000, type: 0}
  m_NavMeshLayer: 0
  m_StaticEditorFlags: 0
  m_IsActive: 1
--- !u!4 &2013299293306191726
Transform:
  m_ObjectHideFlags: 0
  m_CorrespondingSourceObject: {fileID: 0}
  m_PrefabInstance: {fileID: 0}
  m_PrefabAsset: {fileID: 0}
  m_GameObject: {fileID: 8941933477258567749}
  m_LocalRotation: {x: 0, y: 0, z: 0, w: 1}
  m_LocalPosition: {x: 2, y: 0, z: -0.25}
  m_LocalScale: {x: 1, y: 1, z: 1}
  m_Children: []
  m_Father: {fileID: 930139835245196291}
  m_RootOrder: 0
  m_LocalEulerAnglesHint: {x: 0, y: 0, z: 0}
