%YAML 1.1
%TAG !u! tag:unity3d.com,2011:
--- !u!1 &156231736713273857
GameObject:
  m_ObjectHideFlags: 0
  m_CorrespondingSourceObject: {fileID: 0}
  m_PrefabInstance: {fileID: 0}
  m_PrefabAsset: {fileID: 0}
  serializedVersion: 6
  m_Component:
  - component: {fileID: 7097897077817160010}
  - component: {fileID: 7907529455188093048}
  - component: {fileID: 2834714010067243422}
  - component: {fileID: 961989758547978797}
  m_Layer: 0
  m_Name: Pointer
  m_TagString: Untagged
  m_Icon: {fileID: 0}
  m_NavMeshLayer: 0
  m_StaticEditorFlags: 0
  m_IsActive: 1
--- !u!224 &7097897077817160010
RectTransform:
  m_ObjectHideFlags: 0
  m_CorrespondingSourceObject: {fileID: 0}
  m_PrefabInstance: {fileID: 0}
  m_PrefabAsset: {fileID: 0}
  m_GameObject: {fileID: 156231736713273857}
  m_LocalRotation: {x: -0, y: -0, z: -0.7071068, w: 0.70710677}
  m_LocalPosition: {x: 0, y: 0, z: 0}
  m_LocalScale: {x: 0.76327, y: 0.76327, z: 0.76327}
  m_Children: []
  m_Father: {fileID: 7810825524032198632}
  m_RootOrder: 2
  m_LocalEulerAnglesHint: {x: 0, y: 0, z: -90}
  m_AnchorMin: {x: 0.5, y: 1}
  m_AnchorMax: {x: 0.5, y: 1}
  m_AnchoredPosition: {x: -239.1, y: 96.600006}
  m_SizeDelta: {x: 100, y: 100}
  m_Pivot: {x: 0.5, y: 0.5}
--- !u!222 &7907529455188093048
CanvasRenderer:
  m_ObjectHideFlags: 0
  m_CorrespondingSourceObject: {fileID: 0}
  m_PrefabInstance: {fileID: 0}
  m_PrefabAsset: {fileID: 0}
  m_GameObject: {fileID: 156231736713273857}
  m_CullTransparentMesh: 0
--- !u!114 &2834714010067243422
MonoBehaviour:
  m_ObjectHideFlags: 0
  m_CorrespondingSourceObject: {fileID: 0}
  m_PrefabInstance: {fileID: 0}
  m_PrefabAsset: {fileID: 0}
  m_GameObject: {fileID: 156231736713273857}
  m_Enabled: 1
  m_EditorHideFlags: 0
  m_Script: {fileID: 11500000, guid: fe87c0e1cc204ed48ad3b37840f39efc, type: 3}
  m_Name: 
  m_EditorClassIdentifier: 
  m_Material: {fileID: 0}
  m_Color: {r: 1, g: 1, b: 1, a: 1}
  m_RaycastTarget: 1
  m_RaycastPadding: {x: 0, y: 0, z: 0, w: 0}
  m_Maskable: 1
  m_OnCullStateChanged:
    m_PersistentCalls:
      m_Calls: []
  m_Sprite: {fileID: 21300000, guid: 38621e79bbb00cb459629fb60aea16b7, type: 3}
  m_Type: 0
  m_PreserveAspect: 0
  m_FillCenter: 1
  m_FillMethod: 4
  m_FillAmount: 1
  m_FillClockwise: 1
  m_FillOrigin: 0
  m_UseSpriteMesh: 0
  m_PixelsPerUnitMultiplier: 1
--- !u!114 &961989758547978797
MonoBehaviour:
  m_ObjectHideFlags: 0
  m_CorrespondingSourceObject: {fileID: 0}
  m_PrefabInstance: {fileID: 0}
  m_PrefabAsset: {fileID: 0}
  m_GameObject: {fileID: 156231736713273857}
  m_Enabled: 1
  m_EditorHideFlags: 0
  m_Script: {fileID: 11500000, guid: c3430c94c1792dc428080fa51319a35a, type: 3}
  m_Name: 
  m_EditorClassIdentifier: 
  offset: {x: 0, y: 96.60001, z: 0}
--- !u!1 &325018094456607370
GameObject:
  m_ObjectHideFlags: 0
  m_CorrespondingSourceObject: {fileID: 0}
  m_PrefabInstance: {fileID: 0}
  m_PrefabAsset: {fileID: 0}
  serializedVersion: 6
  m_Component:
  - component: {fileID: 325018094456607350}
  - component: {fileID: 325018094456607369}
  - component: {fileID: 325018094456607371}
  m_Layer: 0
  m_Name: ScreenCamera
  m_TagString: MainCamera
  m_Icon: {fileID: 0}
  m_NavMeshLayer: 0
  m_StaticEditorFlags: 0
  m_IsActive: 1
--- !u!4 &325018094456607350
Transform:
  m_ObjectHideFlags: 0
  m_CorrespondingSourceObject: {fileID: 0}
  m_PrefabInstance: {fileID: 0}
  m_PrefabAsset: {fileID: 0}
  m_GameObject: {fileID: 325018094456607370}
  m_LocalRotation: {x: -0, y: -0, z: -0, w: 1}
  m_LocalPosition: {x: 0, y: 0, z: -100}
  m_LocalScale: {x: 1, y: 1, z: 1}
  m_Children: []
  m_Father: {fileID: 325018094943119666}
  m_RootOrder: 1
  m_LocalEulerAnglesHint: {x: 5, y: 0, z: 0}
--- !u!20 &325018094456607369
Camera:
  m_ObjectHideFlags: 0
  m_CorrespondingSourceObject: {fileID: 0}
  m_PrefabInstance: {fileID: 0}
  m_PrefabAsset: {fileID: 0}
  m_GameObject: {fileID: 325018094456607370}
  m_Enabled: 1
  serializedVersion: 2
  m_ClearFlags: 2
  m_BackGroundColor: {r: 0, g: 0, b: 0, a: 0}
  m_projectionMatrixMode: 1
  m_GateFitMode: 2
  m_FOVAxisMode: 0
  m_SensorSize: {x: 36, y: 24}
  m_LensShift: {x: 0, y: 0}
  m_FocalLength: 50
  m_NormalizedViewPortRect:
    serializedVersion: 2
    x: 0
    y: 0
    width: 1
    height: 1
  near clip plane: 0.1
  far clip plane: 2
  field of view: 60
  orthographic: 1
  orthographic size: 5
  m_Depth: 0
  m_CullingMask:
    serializedVersion: 2
    m_Bits: 55
  m_RenderingPath: -1
  m_TargetTexture: {fileID: 8400000, guid: 8c2f61fc5c732fb49ae987921bf57af2, type: 2}
  m_TargetDisplay: 0
  m_TargetEye: 0
  m_HDR: 1
  m_AllowMSAA: 0
  m_AllowDynamicResolution: 0
  m_ForceIntoRT: 0
  m_OcclusionCulling: 0
  m_StereoConvergence: 10
  m_StereoSeparation: 0.022
--- !u!114 &325018094456607371
MonoBehaviour:
  m_ObjectHideFlags: 0
  m_CorrespondingSourceObject: {fileID: 0}
  m_PrefabInstance: {fileID: 0}
  m_PrefabAsset: {fileID: 0}
  m_GameObject: {fileID: 325018094456607370}
  m_Enabled: 1
  m_EditorHideFlags: 0
  m_Script: {fileID: 11500000, guid: a79441f348de89743a2939f4d699eac1, type: 3}
  m_Name: 
  m_EditorClassIdentifier: 
  m_RenderShadows: 1
  m_RequiresDepthTextureOption: 2
  m_RequiresOpaqueTextureOption: 2
  m_CameraType: 0
  m_Cameras: []
  m_RendererIndex: -1
  m_VolumeLayerMask:
    serializedVersion: 2
    m_Bits: 1
  m_VolumeTrigger: {fileID: 0}
  m_RenderPostProcessing: 0
  m_Antialiasing: 0
  m_AntialiasingQuality: 2
  m_StopNaN: 0
  m_Dithering: 0
  m_ClearDepth: 1
  m_RequiresDepthTexture: 0
  m_RequiresColorTexture: 0
  m_Version: 2
--- !u!1 &325018094943119670
GameObject:
  m_ObjectHideFlags: 0
  m_CorrespondingSourceObject: {fileID: 0}
  m_PrefabInstance: {fileID: 0}
  m_PrefabAsset: {fileID: 0}
  serializedVersion: 6
  m_Component:
  - component: {fileID: 325018094943119666}
  - component: {fileID: 325018094943119669}
  - component: {fileID: 325018094943119668}
  - component: {fileID: 9003756880299221116}
  m_Layer: 5
  m_Name: CreditScreen
  m_TagString: Untagged
  m_Icon: {fileID: 0}
  m_NavMeshLayer: 0
  m_StaticEditorFlags: 0
  m_IsActive: 1
--- !u!224 &325018094943119666
RectTransform:
  m_ObjectHideFlags: 0
  m_CorrespondingSourceObject: {fileID: 0}
  m_PrefabInstance: {fileID: 0}
  m_PrefabAsset: {fileID: 0}
  m_GameObject: {fileID: 325018094943119670}
  m_LocalRotation: {x: 0, y: 0, z: 0, w: 1}
  m_LocalPosition: {x: 0, y: 0, z: 0}
  m_LocalScale: {x: 0, y: 0, z: 0}
  m_Children:
  - {fileID: 325018096021179618}
  - {fileID: 325018094456607350}
  - {fileID: 325018095691604255}
  - {fileID: 2290188205349335800}
  - {fileID: 6440850508188957187}
  - {fileID: 7810825524032198632}
  - {fileID: 6950963419402392114}
  - {fileID: 6950963417573933845}
  m_Father: {fileID: 0}
  m_RootOrder: 0
  m_LocalEulerAnglesHint: {x: 0, y: 0, z: 0}
  m_AnchorMin: {x: 0, y: 0}
  m_AnchorMax: {x: 0, y: 0}
  m_AnchoredPosition: {x: 0, y: 0}
  m_SizeDelta: {x: 0, y: 0}
  m_Pivot: {x: 0, y: 0}
--- !u!223 &325018094943119669
Canvas:
  m_ObjectHideFlags: 0
  m_CorrespondingSourceObject: {fileID: 0}
  m_PrefabInstance: {fileID: 0}
  m_PrefabAsset: {fileID: 0}
  m_GameObject: {fileID: 325018094943119670}
  m_Enabled: 1
  serializedVersion: 3
  m_RenderMode: 1
  m_Camera: {fileID: 325018094456607369}
  m_PlaneDistance: 1
  m_PixelPerfect: 0
  m_ReceivesEvents: 1
  m_OverrideSorting: 0
  m_OverridePixelPerfect: 0
  m_SortingBucketNormalizedSize: 0
  m_AdditionalShaderChannelsFlag: 25
  m_SortingLayerID: -1122266973
  m_SortingOrder: 0
  m_TargetDisplay: 0
--- !u!114 &325018094943119668
MonoBehaviour:
  m_ObjectHideFlags: 0
  m_CorrespondingSourceObject: {fileID: 0}
  m_PrefabInstance: {fileID: 0}
  m_PrefabAsset: {fileID: 0}
  m_GameObject: {fileID: 325018094943119670}
  m_Enabled: 1
  m_EditorHideFlags: 0
  m_Script: {fileID: 11500000, guid: 0cd44c1031e13a943bb63640046fad76, type: 3}
  m_Name: 
  m_EditorClassIdentifier: 
  m_UiScaleMode: 1
  m_ReferencePixelsPerUnit: 100
  m_ScaleFactor: 1
  m_ReferenceResolution: {x: 1920, y: 1080}
  m_ScreenMatchMode: 0
  m_MatchWidthOrHeight: 1
  m_PhysicalUnit: 3
  m_FallbackScreenDPI: 96
  m_DefaultSpriteDPI: 96
  m_DynamicPixelsPerUnit: 1
--- !u!114 &9003756880299221116
MonoBehaviour:
  m_ObjectHideFlags: 0
  m_CorrespondingSourceObject: {fileID: 0}
  m_PrefabInstance: {fileID: 0}
  m_PrefabAsset: {fileID: 0}
  m_GameObject: {fileID: 325018094943119670}
  m_Enabled: 1
  m_EditorHideFlags: 0
  m_Script: {fileID: 11500000, guid: c67a9a167bac2fd439bddac702531f75, type: 3}
  m_Name: 
  m_EditorClassIdentifier: 
  _creditDisplays:
  - {fileID: 530316566127776661}
  - {fileID: 2024016390121680271}
  - {fileID: 6538344087984579956}
  - {fileID: 7181106437078207813}
  - {fileID: 7181106435787152482}
--- !u!1 &325018095691604254
GameObject:
  m_ObjectHideFlags: 0
  m_CorrespondingSourceObject: {fileID: 0}
  m_PrefabInstance: {fileID: 0}
  m_PrefabAsset: {fileID: 0}
  serializedVersion: 6
  m_Component:
  - component: {fileID: 325018095691604255}
  - component: {fileID: 325018095691604253}
  - component: {fileID: 325018095691604252}
  m_Layer: 5
  m_Name: ScreenbackGround
  m_TagString: Untagged
  m_Icon: {fileID: 0}
  m_NavMeshLayer: 0
  m_StaticEditorFlags: 0
  m_IsActive: 1
--- !u!224 &325018095691604255
RectTransform:
  m_ObjectHideFlags: 0
  m_CorrespondingSourceObject: {fileID: 0}
  m_PrefabInstance: {fileID: 0}
  m_PrefabAsset: {fileID: 0}
  m_GameObject: {fileID: 325018095691604254}
  m_LocalRotation: {x: 0, y: 0, z: 0, w: 1}
  m_LocalPosition: {x: 0, y: 0, z: 0}
  m_LocalScale: {x: 1, y: 1, z: 1}
  m_Children: []
  m_Father: {fileID: 325018094943119666}
  m_RootOrder: 2
  m_LocalEulerAnglesHint: {x: 0, y: 0, z: 0}
  m_AnchorMin: {x: 0, y: 0}
  m_AnchorMax: {x: 1, y: 1}
  m_AnchoredPosition: {x: 0, y: 0}
  m_SizeDelta: {x: 0, y: 0}
  m_Pivot: {x: 0.5, y: 0.5}
--- !u!222 &325018095691604253
CanvasRenderer:
  m_ObjectHideFlags: 0
  m_CorrespondingSourceObject: {fileID: 0}
  m_PrefabInstance: {fileID: 0}
  m_PrefabAsset: {fileID: 0}
  m_GameObject: {fileID: 325018095691604254}
  m_CullTransparentMesh: 0
--- !u!114 &325018095691604252
MonoBehaviour:
  m_ObjectHideFlags: 0
  m_CorrespondingSourceObject: {fileID: 0}
  m_PrefabInstance: {fileID: 0}
  m_PrefabAsset: {fileID: 0}
  m_GameObject: {fileID: 325018095691604254}
  m_Enabled: 1
  m_EditorHideFlags: 0
  m_Script: {fileID: 11500000, guid: fe87c0e1cc204ed48ad3b37840f39efc, type: 3}
  m_Name: 
  m_EditorClassIdentifier: 
  m_Material: {fileID: 2100000, guid: 3949cf990bd3d7e48a22ab3fcdfccc15, type: 2}
  m_Color: {r: 1, g: 1, b: 1, a: 1}
  m_RaycastTarget: 1
  m_RaycastPadding: {x: 0, y: 0, z: 0, w: 0}
  m_Maskable: 1
  m_OnCullStateChanged:
    m_PersistentCalls:
      m_Calls: []
  m_Sprite: {fileID: -8335397405209942735, guid: 81f5172a9d499274bad1541cba455b0a, type: 3}
  m_Type: 0
  m_PreserveAspect: 0
  m_FillCenter: 1
  m_FillMethod: 4
  m_FillAmount: 1
  m_FillClockwise: 1
  m_FillOrigin: 0
  m_UseSpriteMesh: 0
  m_PixelsPerUnitMultiplier: 1
--- !u!1 &670241346065599873
GameObject:
  m_ObjectHideFlags: 0
  m_CorrespondingSourceObject: {fileID: 0}
  m_PrefabInstance: {fileID: 0}
  m_PrefabAsset: {fileID: 0}
  serializedVersion: 6
  m_Component:
  - component: {fileID: 7810825524032198632}
  - component: {fileID: 6194164921715727966}
  m_Layer: 5
  m_Name: CreditButtons
  m_TagString: Untagged
  m_Icon: {fileID: 0}
  m_NavMeshLayer: 0
  m_StaticEditorFlags: 0
  m_IsActive: 1
--- !u!224 &7810825524032198632
RectTransform:
  m_ObjectHideFlags: 0
  m_CorrespondingSourceObject: {fileID: 0}
  m_PrefabInstance: {fileID: 0}
  m_PrefabAsset: {fileID: 0}
  m_GameObject: {fileID: 670241346065599873}
  m_LocalRotation: {x: 0, y: 0, z: 0, w: 1}
  m_LocalPosition: {x: 0, y: 0, z: 0}
  m_LocalScale: {x: 1, y: 1, z: 1}
  m_Children:
  - {fileID: 2055027013821639702}
  - {fileID: 6061352876266590857}
  - {fileID: 7097897077817160010}
  m_Father: {fileID: 325018094943119666}
  m_RootOrder: 5
  m_LocalEulerAnglesHint: {x: 0, y: 0, z: 0}
  m_AnchorMin: {x: 0.5, y: 0}
  m_AnchorMax: {x: 0.5, y: 0}
  m_AnchoredPosition: {x: 0, y: 50}
  m_SizeDelta: {x: 100, y: 100}
  m_Pivot: {x: 0.5, y: 0.5}
--- !u!114 &6194164921715727966
MonoBehaviour:
  m_ObjectHideFlags: 0
  m_CorrespondingSourceObject: {fileID: 0}
  m_PrefabInstance: {fileID: 0}
  m_PrefabAsset: {fileID: 0}
  m_GameObject: {fileID: 670241346065599873}
  m_Enabled: 1
  m_EditorHideFlags: 0
  m_Script: {fileID: 11500000, guid: 3bc07584b87112f459ce69550b9ca2b2, type: 3}
  m_Name: 
  m_EditorClassIdentifier: 
  buttons:
  - {fileID: 8068715716663540273}
  - {fileID: 2399113806269354610}
  pointer: {fileID: 961989758547978797}
  primUp: 275
  secUp: 100
  primDown: 97
  secDown: 276
--- !u!1 &2836132715512770507
GameObject:
  m_ObjectHideFlags: 0
  m_CorrespondingSourceObject: {fileID: 0}
  m_PrefabInstance: {fileID: 0}
  m_PrefabAsset: {fileID: 0}
  serializedVersion: 6
  m_Component:
  - component: {fileID: 390033217095321930}
  - component: {fileID: 256616163991103047}
  - component: {fileID: 7681099876099616804}
  m_Layer: 5
  m_Name: Text (TMP)
  m_TagString: Untagged
  m_Icon: {fileID: 0}
  m_NavMeshLayer: 0
  m_StaticEditorFlags: 0
  m_IsActive: 1
--- !u!224 &390033217095321930
RectTransform:
  m_ObjectHideFlags: 0
  m_CorrespondingSourceObject: {fileID: 0}
  m_PrefabInstance: {fileID: 0}
  m_PrefabAsset: {fileID: 0}
  m_GameObject: {fileID: 2836132715512770507}
  m_LocalRotation: {x: 0, y: 0, z: 0, w: 1}
  m_LocalPosition: {x: 0, y: 0, z: 0}
  m_LocalScale: {x: 1, y: 1, z: 1}
  m_Children: []
  m_Father: {fileID: 2055027013821639702}
  m_RootOrder: 0
  m_LocalEulerAnglesHint: {x: 0, y: 0, z: 0}
  m_AnchorMin: {x: 0, y: 0}
  m_AnchorMax: {x: 1, y: 1}
  m_AnchoredPosition: {x: 0, y: 0}
  m_SizeDelta: {x: 0, y: 0}
  m_Pivot: {x: 0.5, y: 0.5}
--- !u!222 &256616163991103047
CanvasRenderer:
  m_ObjectHideFlags: 0
  m_CorrespondingSourceObject: {fileID: 0}
  m_PrefabInstance: {fileID: 0}
  m_PrefabAsset: {fileID: 0}
  m_GameObject: {fileID: 2836132715512770507}
  m_CullTransparentMesh: 0
--- !u!114 &7681099876099616804
MonoBehaviour:
  m_ObjectHideFlags: 0
  m_CorrespondingSourceObject: {fileID: 0}
  m_PrefabInstance: {fileID: 0}
  m_PrefabAsset: {fileID: 0}
  m_GameObject: {fileID: 2836132715512770507}
  m_Enabled: 1
  m_EditorHideFlags: 0
  m_Script: {fileID: 11500000, guid: f4688fdb7df04437aeb418b961361dc5, type: 3}
  m_Name: 
  m_EditorClassIdentifier: 
  m_Material: {fileID: 0}
  m_Color: {r: 1, g: 1, b: 1, a: 1}
  m_RaycastTarget: 1
  m_RaycastPadding: {x: 0, y: 0, z: 0, w: 0}
  m_Maskable: 1
  m_OnCullStateChanged:
    m_PersistentCalls:
      m_Calls: []
  m_text: Main Menu
  m_isRightToLeft: 0
  m_fontAsset: {fileID: 11400000, guid: 6e99f0f0912c9d348af62606b6f856c8, type: 2}
  m_sharedMaterial: {fileID: -1870942046079440753, guid: 6e99f0f0912c9d348af62606b6f856c8, type: 2}
  m_fontSharedMaterials: []
  m_fontMaterial: {fileID: 0}
  m_fontMaterials: []
  m_fontColor32:
    serializedVersion: 2
    rgba: 4278648320
  m_fontColor: {r: 0, g: 0.9960785, b: 0.023529414, a: 1}
  m_enableVertexGradient: 0
  m_colorMode: 3
  m_fontColorGradient:
    topLeft: {r: 1, g: 1, b: 1, a: 1}
    topRight: {r: 1, g: 1, b: 1, a: 1}
    bottomLeft: {r: 1, g: 1, b: 1, a: 1}
    bottomRight: {r: 1, g: 1, b: 1, a: 1}
  m_fontColorGradientPreset: {fileID: 0}
  m_spriteAsset: {fileID: 0}
  m_tintAllSprites: 0
  m_StyleSheet: {fileID: 0}
  m_TextStyleHashCode: -1183493901
  m_overrideHtmlColors: 0
  m_faceColor:
    serializedVersion: 2
    rgba: 4294967295
  m_fontSize: 90
  m_fontSizeBase: 90
  m_fontWeight: 400
  m_enableAutoSizing: 0
  m_fontSizeMin: 18
  m_fontSizeMax: 72
  m_fontStyle: 0
  m_HorizontalAlignment: 2
  m_VerticalAlignment: 512
  m_textAlignment: 65535
  m_characterSpacing: 0
  m_wordSpacing: -23.69
  m_lineSpacing: 0
  m_lineSpacingMax: 0
  m_paragraphSpacing: 0
  m_charWidthMaxAdj: 0
  m_enableWordWrapping: 1
  m_wordWrappingRatios: 0.4
  m_overflowMode: 0
  m_linkedTextComponent: {fileID: 0}
  parentLinkedComponent: {fileID: 0}
  m_enableKerning: 1
  m_enableExtraPadding: 0
  checkPaddingRequired: 0
  m_isRichText: 1
  m_parseCtrlCharacters: 1
  m_isOrthographic: 1
  m_isCullingEnabled: 0
  m_horizontalMapping: 0
  m_verticalMapping: 0
  m_uvLineOffset: 0
  m_geometrySortingOrder: 0
  m_IsTextObjectScaleStatic: 0
  m_VertexBufferAutoSizeReduction: 1
  m_useMaxVisibleDescender: 1
  m_pageToDisplay: 1
  m_margin: {x: 0, y: 0, z: 0, w: 0}
  m_isUsingLegacyAnimationComponent: 0
  m_isVolumetricText: 0
  m_hasFontAssetChanged: 0
  m_baseMaterial: {fileID: 0}
  m_maskOffset: {x: 0, y: 0, z: 0, w: 0}
--- !u!1 &3320390835143366849
GameObject:
  m_ObjectHideFlags: 0
  m_CorrespondingSourceObject: {fileID: 0}
  m_PrefabInstance: {fileID: 0}
  m_PrefabAsset: {fileID: 0}
  serializedVersion: 6
  m_Component:
  - component: {fileID: 6061352876266590857}
  - component: {fileID: 1557725188250147948}
  - component: {fileID: 1256185496804506483}
  - component: {fileID: 2399113806269354610}
  m_Layer: 5
  m_Name: QuitButton
  m_TagString: Untagged
  m_Icon: {fileID: 0}
  m_NavMeshLayer: 0
  m_StaticEditorFlags: 0
  m_IsActive: 1
--- !u!224 &6061352876266590857
RectTransform:
  m_ObjectHideFlags: 0
  m_CorrespondingSourceObject: {fileID: 0}
  m_PrefabInstance: {fileID: 0}
  m_PrefabAsset: {fileID: 0}
  m_GameObject: {fileID: 3320390835143366849}
  m_LocalRotation: {x: 0, y: 0, z: 0, w: 1}
  m_LocalPosition: {x: 0, y: 0, z: 0}
  m_LocalScale: {x: 0.6500329, y: 0.6500329, z: 0.6500329}
  m_Children:
  - {fileID: 5939377227236775971}
  m_Father: {fileID: 7810825524032198632}
  m_RootOrder: 1
  m_LocalEulerAnglesHint: {x: 0, y: 0, z: 0}
  m_AnchorMin: {x: 1, y: 0.5}
  m_AnchorMax: {x: 1, y: 0.5}
  m_AnchoredPosition: {x: 187, y: 27}
  m_SizeDelta: {x: 544, y: 146}
  m_Pivot: {x: 0.5, y: 0.5}
--- !u!222 &1557725188250147948
CanvasRenderer:
  m_ObjectHideFlags: 0
  m_CorrespondingSourceObject: {fileID: 0}
  m_PrefabInstance: {fileID: 0}
  m_PrefabAsset: {fileID: 0}
  m_GameObject: {fileID: 3320390835143366849}
  m_CullTransparentMesh: 0
--- !u!114 &1256185496804506483
MonoBehaviour:
  m_ObjectHideFlags: 0
  m_CorrespondingSourceObject: {fileID: 0}
  m_PrefabInstance: {fileID: 0}
  m_PrefabAsset: {fileID: 0}
  m_GameObject: {fileID: 3320390835143366849}
  m_Enabled: 1
  m_EditorHideFlags: 0
  m_Script: {fileID: 11500000, guid: fe87c0e1cc204ed48ad3b37840f39efc, type: 3}
  m_Name: 
  m_EditorClassIdentifier: 
  m_Material: {fileID: 0}
  m_Color: {r: 1, g: 1, b: 1, a: 1}
  m_RaycastTarget: 1
  m_RaycastPadding: {x: 0, y: 0, z: 0, w: 0}
  m_Maskable: 1
  m_OnCullStateChanged:
    m_PersistentCalls:
      m_Calls: []
  m_Sprite: {fileID: 21300000, guid: d63db8da572aca949b21d316ce0bba35, type: 3}
  m_Type: 0
  m_PreserveAspect: 0
  m_FillCenter: 1
  m_FillMethod: 4
  m_FillAmount: 1
  m_FillClockwise: 1
  m_FillOrigin: 0
  m_UseSpriteMesh: 0
  m_PixelsPerUnitMultiplier: 1
--- !u!114 &2399113806269354610
MonoBehaviour:
  m_ObjectHideFlags: 0
  m_CorrespondingSourceObject: {fileID: 0}
  m_PrefabInstance: {fileID: 0}
  m_PrefabAsset: {fileID: 0}
  m_GameObject: {fileID: 3320390835143366849}
  m_Enabled: 1
  m_EditorHideFlags: 0
  m_Script: {fileID: 11500000, guid: 5a5755c2d23fb7b4d88c4d001985bb8d, type: 3}
  m_Name: 
  m_EditorClassIdentifier: 
  buttonType: 3
--- !u!1 &5877949597551577446
GameObject:
  m_ObjectHideFlags: 0
  m_CorrespondingSourceObject: {fileID: 0}
  m_PrefabInstance: {fileID: 0}
  m_PrefabAsset: {fileID: 0}
  serializedVersion: 6
  m_Component:
  - component: {fileID: 5939377227236775971}
  - component: {fileID: 8991561606973286946}
  - component: {fileID: 5960464427378567076}
  m_Layer: 5
  m_Name: Text (TMP)
  m_TagString: Untagged
  m_Icon: {fileID: 0}
  m_NavMeshLayer: 0
  m_StaticEditorFlags: 0
  m_IsActive: 1
--- !u!224 &5939377227236775971
RectTransform:
  m_ObjectHideFlags: 0
  m_CorrespondingSourceObject: {fileID: 0}
  m_PrefabInstance: {fileID: 0}
  m_PrefabAsset: {fileID: 0}
  m_GameObject: {fileID: 5877949597551577446}
  m_LocalRotation: {x: 0, y: 0, z: 0, w: 1}
  m_LocalPosition: {x: 0, y: 0, z: 0}
  m_LocalScale: {x: 1, y: 1, z: 1}
  m_Children: []
  m_Father: {fileID: 6061352876266590857}
  m_RootOrder: 0
  m_LocalEulerAnglesHint: {x: 0, y: 0, z: 0}
  m_AnchorMin: {x: 0, y: 0}
  m_AnchorMax: {x: 1, y: 1}
  m_AnchoredPosition: {x: 0, y: 0}
  m_SizeDelta: {x: 0, y: 0}
  m_Pivot: {x: 0.5, y: 0.5}
--- !u!222 &8991561606973286946
CanvasRenderer:
  m_ObjectHideFlags: 0
  m_CorrespondingSourceObject: {fileID: 0}
  m_PrefabInstance: {fileID: 0}
  m_PrefabAsset: {fileID: 0}
  m_GameObject: {fileID: 5877949597551577446}
  m_CullTransparentMesh: 0
--- !u!114 &5960464427378567076
MonoBehaviour:
  m_ObjectHideFlags: 0
  m_CorrespondingSourceObject: {fileID: 0}
  m_PrefabInstance: {fileID: 0}
  m_PrefabAsset: {fileID: 0}
  m_GameObject: {fileID: 5877949597551577446}
  m_Enabled: 1
  m_EditorHideFlags: 0
  m_Script: {fileID: 11500000, guid: f4688fdb7df04437aeb418b961361dc5, type: 3}
  m_Name: 
  m_EditorClassIdentifier: 
  m_Material: {fileID: 0}
  m_Color: {r: 1, g: 1, b: 1, a: 1}
  m_RaycastTarget: 1
  m_RaycastPadding: {x: 0, y: 0, z: 0, w: 0}
  m_Maskable: 1
  m_OnCullStateChanged:
    m_PersistentCalls:
      m_Calls: []
  m_text: Quit
  m_isRightToLeft: 0
  m_fontAsset: {fileID: 11400000, guid: 6e99f0f0912c9d348af62606b6f856c8, type: 2}
  m_sharedMaterial: {fileID: -1870942046079440753, guid: 6e99f0f0912c9d348af62606b6f856c8, type: 2}
  m_fontSharedMaterials: []
  m_fontMaterial: {fileID: 0}
  m_fontMaterials: []
  m_fontColor32:
    serializedVersion: 2
    rgba: 4278648320
  m_fontColor: {r: 0, g: 0.9960785, b: 0.023529414, a: 1}
  m_enableVertexGradient: 0
  m_colorMode: 3
  m_fontColorGradient:
    topLeft: {r: 1, g: 1, b: 1, a: 1}
    topRight: {r: 1, g: 1, b: 1, a: 1}
    bottomLeft: {r: 1, g: 1, b: 1, a: 1}
    bottomRight: {r: 1, g: 1, b: 1, a: 1}
  m_fontColorGradientPreset: {fileID: 0}
  m_spriteAsset: {fileID: 0}
  m_tintAllSprites: 0
  m_StyleSheet: {fileID: 0}
  m_TextStyleHashCode: -1183493901
  m_overrideHtmlColors: 0
  m_faceColor:
    serializedVersion: 2
    rgba: 4294967295
  m_fontSize: 90
  m_fontSizeBase: 90
  m_fontWeight: 400
  m_enableAutoSizing: 0
  m_fontSizeMin: 18
  m_fontSizeMax: 72
  m_fontStyle: 0
  m_HorizontalAlignment: 2
  m_VerticalAlignment: 512
  m_textAlignment: 65535
  m_characterSpacing: 0
  m_wordSpacing: -23.69
  m_lineSpacing: 0
  m_lineSpacingMax: 0
  m_paragraphSpacing: 0
  m_charWidthMaxAdj: 0
  m_enableWordWrapping: 1
  m_wordWrappingRatios: 0.4
  m_overflowMode: 0
  m_linkedTextComponent: {fileID: 0}
  parentLinkedComponent: {fileID: 0}
  m_enableKerning: 1
  m_enableExtraPadding: 0
  checkPaddingRequired: 0
  m_isRichText: 1
  m_parseCtrlCharacters: 1
  m_isOrthographic: 1
  m_isCullingEnabled: 0
  m_horizontalMapping: 0
  m_verticalMapping: 0
  m_uvLineOffset: 0
  m_geometrySortingOrder: 0
  m_IsTextObjectScaleStatic: 0
  m_VertexBufferAutoSizeReduction: 1
  m_useMaxVisibleDescender: 1
  m_pageToDisplay: 1
  m_margin: {x: 0, y: 0, z: 0, w: 0}
  m_isUsingLegacyAnimationComponent: 0
  m_isVolumetricText: 0
  m_hasFontAssetChanged: 0
  m_baseMaterial: {fileID: 0}
  m_maskOffset: {x: 0, y: 0, z: 0, w: 0}
--- !u!1 &8268616761084588618
GameObject:
  m_ObjectHideFlags: 0
  m_CorrespondingSourceObject: {fileID: 0}
  m_PrefabInstance: {fileID: 0}
  m_PrefabAsset: {fileID: 0}
  serializedVersion: 6
  m_Component:
  - component: {fileID: 2055027013821639702}
  - component: {fileID: 2927420530987001290}
  - component: {fileID: 4788473526404828169}
  - component: {fileID: 8068715716663540273}
  m_Layer: 5
  m_Name: MainMenuButton
  m_TagString: Untagged
  m_Icon: {fileID: 0}
  m_NavMeshLayer: 0
  m_StaticEditorFlags: 0
  m_IsActive: 1
--- !u!224 &2055027013821639702
RectTransform:
  m_ObjectHideFlags: 0
  m_CorrespondingSourceObject: {fileID: 0}
  m_PrefabInstance: {fileID: 0}
  m_PrefabAsset: {fileID: 0}
  m_GameObject: {fileID: 8268616761084588618}
  m_LocalRotation: {x: 0, y: 0, z: 0, w: 1}
  m_LocalPosition: {x: 0, y: 0, z: 0}
  m_LocalScale: {x: 0.6500329, y: 0.6500329, z: 0.6500329}
  m_Children:
  - {fileID: 390033217095321930}
  m_Father: {fileID: 7810825524032198632}
  m_RootOrder: 0
  m_LocalEulerAnglesHint: {x: 0, y: 0, z: 0}
  m_AnchorMin: {x: 0, y: 0.5}
  m_AnchorMax: {x: 0, y: 0.5}
  m_AnchoredPosition: {x: -187, y: 27}
  m_SizeDelta: {x: 544, y: 146}
  m_Pivot: {x: 0.5, y: 0.5}
--- !u!222 &2927420530987001290
CanvasRenderer:
  m_ObjectHideFlags: 0
  m_CorrespondingSourceObject: {fileID: 0}
  m_PrefabInstance: {fileID: 0}
  m_PrefabAsset: {fileID: 0}
  m_GameObject: {fileID: 8268616761084588618}
  m_CullTransparentMesh: 0
--- !u!114 &4788473526404828169
MonoBehaviour:
  m_ObjectHideFlags: 0
  m_CorrespondingSourceObject: {fileID: 0}
  m_PrefabInstance: {fileID: 0}
  m_PrefabAsset: {fileID: 0}
  m_GameObject: {fileID: 8268616761084588618}
  m_Enabled: 1
  m_EditorHideFlags: 0
  m_Script: {fileID: 11500000, guid: fe87c0e1cc204ed48ad3b37840f39efc, type: 3}
  m_Name: 
  m_EditorClassIdentifier: 
  m_Material: {fileID: 0}
  m_Color: {r: 1, g: 1, b: 1, a: 1}
  m_RaycastTarget: 1
  m_RaycastPadding: {x: 0, y: 0, z: 0, w: 0}
  m_Maskable: 1
  m_OnCullStateChanged:
    m_PersistentCalls:
      m_Calls: []
  m_Sprite: {fileID: 21300000, guid: d63db8da572aca949b21d316ce0bba35, type: 3}
  m_Type: 0
  m_PreserveAspect: 0
  m_FillCenter: 1
  m_FillMethod: 4
  m_FillAmount: 1
  m_FillClockwise: 1
  m_FillOrigin: 0
  m_UseSpriteMesh: 0
  m_PixelsPerUnitMultiplier: 1
--- !u!114 &8068715716663540273
MonoBehaviour:
  m_ObjectHideFlags: 0
  m_CorrespondingSourceObject: {fileID: 0}
  m_PrefabInstance: {fileID: 0}
  m_PrefabAsset: {fileID: 0}
  m_GameObject: {fileID: 8268616761084588618}
  m_Enabled: 1
  m_EditorHideFlags: 0
  m_Script: {fileID: 11500000, guid: 5a5755c2d23fb7b4d88c4d001985bb8d, type: 3}
  m_Name: 
  m_EditorClassIdentifier: 
  buttonType: 2
--- !u!1001 &237968687485668659
PrefabInstance:
  m_ObjectHideFlags: 0
  serializedVersion: 2
  m_Modification:
    m_TransformParent: {fileID: 325018094943119666}
    m_Modifications:
    - target: {fileID: 2055063422308794315, guid: 86d1a48331acf71468f0d219e82197ab, type: 3}
      propertyPath: m_LocalPosition.x
      value: 0
      objectReference: {fileID: 0}
    - target: {fileID: 2055063422308794315, guid: 86d1a48331acf71468f0d219e82197ab, type: 3}
      propertyPath: m_LocalPosition.y
      value: 0
      objectReference: {fileID: 0}
    - target: {fileID: 2055063422308794315, guid: 86d1a48331acf71468f0d219e82197ab, type: 3}
      propertyPath: m_LocalPosition.z
      value: 0
      objectReference: {fileID: 0}
    - target: {fileID: 2055063422308794315, guid: 86d1a48331acf71468f0d219e82197ab, type: 3}
      propertyPath: m_LocalRotation.x
      value: 0
      objectReference: {fileID: 0}
    - target: {fileID: 2055063422308794315, guid: 86d1a48331acf71468f0d219e82197ab, type: 3}
      propertyPath: m_LocalRotation.y
      value: 0
      objectReference: {fileID: 0}
    - target: {fileID: 2055063422308794315, guid: 86d1a48331acf71468f0d219e82197ab, type: 3}
      propertyPath: m_LocalRotation.z
      value: 0
      objectReference: {fileID: 0}
    - target: {fileID: 2055063422308794315, guid: 86d1a48331acf71468f0d219e82197ab, type: 3}
      propertyPath: m_LocalRotation.w
      value: 1
      objectReference: {fileID: 0}
    - target: {fileID: 2055063422308794315, guid: 86d1a48331acf71468f0d219e82197ab, type: 3}
      propertyPath: m_RootOrder
      value: 3
      objectReference: {fileID: 0}
    - target: {fileID: 2055063422308794315, guid: 86d1a48331acf71468f0d219e82197ab, type: 3}
      propertyPath: m_LocalEulerAnglesHint.x
      value: 0
      objectReference: {fileID: 0}
    - target: {fileID: 2055063422308794315, guid: 86d1a48331acf71468f0d219e82197ab, type: 3}
      propertyPath: m_LocalEulerAnglesHint.y
      value: 0
      objectReference: {fileID: 0}
    - target: {fileID: 2055063422308794315, guid: 86d1a48331acf71468f0d219e82197ab, type: 3}
      propertyPath: m_LocalEulerAnglesHint.z
      value: 0
      objectReference: {fileID: 0}
    - target: {fileID: 2055063422308794315, guid: 86d1a48331acf71468f0d219e82197ab, type: 3}
      propertyPath: m_AnchoredPosition.x
      value: 449.97003
      objectReference: {fileID: 0}
    - target: {fileID: 2055063422308794315, guid: 86d1a48331acf71468f0d219e82197ab, type: 3}
      propertyPath: m_AnchoredPosition.y
      value: 217.29883
      objectReference: {fileID: 0}
    - target: {fileID: 2055063422308794315, guid: 86d1a48331acf71468f0d219e82197ab, type: 3}
      propertyPath: m_SizeDelta.x
      value: 437.60107
      objectReference: {fileID: 0}
    - target: {fileID: 2055063422308794315, guid: 86d1a48331acf71468f0d219e82197ab, type: 3}
      propertyPath: m_SizeDelta.y
      value: 213.4024
      objectReference: {fileID: 0}
    - target: {fileID: 2055063422308794315, guid: 86d1a48331acf71468f0d219e82197ab, type: 3}
      propertyPath: m_AnchorMin.x
      value: 0
      objectReference: {fileID: 0}
    - target: {fileID: 2055063422308794315, guid: 86d1a48331acf71468f0d219e82197ab, type: 3}
      propertyPath: m_AnchorMin.y
      value: 0.5
      objectReference: {fileID: 0}
    - target: {fileID: 2055063422308794315, guid: 86d1a48331acf71468f0d219e82197ab, type: 3}
      propertyPath: m_AnchorMax.x
      value: 0
      objectReference: {fileID: 0}
    - target: {fileID: 2055063422308794315, guid: 86d1a48331acf71468f0d219e82197ab, type: 3}
      propertyPath: m_AnchorMax.y
      value: 0.5
      objectReference: {fileID: 0}
    - target: {fileID: 2055063422308794315, guid: 86d1a48331acf71468f0d219e82197ab, type: 3}
      propertyPath: m_Pivot.x
      value: 0.5
      objectReference: {fileID: 0}
    - target: {fileID: 2055063422308794315, guid: 86d1a48331acf71468f0d219e82197ab, type: 3}
      propertyPath: m_Pivot.y
      value: 0.5
      objectReference: {fileID: 0}
    - target: {fileID: 2055063422308794315, guid: 86d1a48331acf71468f0d219e82197ab, type: 3}
      propertyPath: m_LocalScale.x
      value: 0.84586
      objectReference: {fileID: 0}
    - target: {fileID: 2055063422308794315, guid: 86d1a48331acf71468f0d219e82197ab, type: 3}
      propertyPath: m_LocalScale.y
      value: 0.84586
      objectReference: {fileID: 0}
    - target: {fileID: 2055063422308794315, guid: 86d1a48331acf71468f0d219e82197ab, type: 3}
      propertyPath: m_LocalScale.z
      value: 0.84586
      objectReference: {fileID: 0}
    - target: {fileID: 2055063422308794316, guid: 86d1a48331acf71468f0d219e82197ab, type: 3}
      propertyPath: m_Name
      value: Model Credit
      objectReference: {fileID: 0}
    - target: {fileID: 2205313634974734020, guid: 86d1a48331acf71468f0d219e82197ab, type: 3}
      propertyPath: m_text
      value: 3D Assets By
      objectReference: {fileID: 0}
    - target: {fileID: 2259592517756035260, guid: 86d1a48331acf71468f0d219e82197ab, type: 3}
      propertyPath: _printRate
      value: 0.04
      objectReference: {fileID: 0}
    - target: {fileID: 8314287447400289943, guid: 86d1a48331acf71468f0d219e82197ab, type: 3}
      propertyPath: m_text
      value: 'Synty Studio @Syntystudios.com

        Poly by Google @poly.Google.com

'
      objectReference: {fileID: 0}
    - target: {fileID: 8953557153934817045, guid: 86d1a48331acf71468f0d219e82197ab, type: 3}
      propertyPath: m_AnchoredPosition.x
      value: -0.000005722046
      objectReference: {fileID: 0}
    - target: {fileID: 8953557153934817045, guid: 86d1a48331acf71468f0d219e82197ab, type: 3}
      propertyPath: m_SizeDelta.x
      value: 389.14047
      objectReference: {fileID: 0}
    - target: {fileID: 8953557153934817045, guid: 86d1a48331acf71468f0d219e82197ab, type: 3}
      propertyPath: m_SizeDelta.y
      value: 58.701004
      objectReference: {fileID: 0}
    - target: {fileID: 8953557153934817045, guid: 86d1a48331acf71468f0d219e82197ab, type: 3}
      propertyPath: m_AnchoredPosition.y
      value: -29.4
      objectReference: {fileID: 0}
    - target: {fileID: 9110645995894239446, guid: 86d1a48331acf71468f0d219e82197ab, type: 3}
      propertyPath: m_AnchoredPosition.x
      value: 19.3
      objectReference: {fileID: 0}
    - target: {fileID: 9110645995894239446, guid: 86d1a48331acf71468f0d219e82197ab, type: 3}
      propertyPath: m_SizeDelta.x
      value: 963.3285
      objectReference: {fileID: 0}
    - target: {fileID: 9110645995894239446, guid: 86d1a48331acf71468f0d219e82197ab, type: 3}
      propertyPath: m_SizeDelta.y
      value: 106.56653
      objectReference: {fileID: 0}
    - target: {fileID: 9110645995894239446, guid: 86d1a48331acf71468f0d219e82197ab, type: 3}
      propertyPath: m_AnchorMin.y
      value: 0.5
      objectReference: {fileID: 0}
    - target: {fileID: 9110645995894239446, guid: 86d1a48331acf71468f0d219e82197ab, type: 3}
      propertyPath: m_AnchorMax.y
      value: 0.5
      objectReference: {fileID: 0}
    - target: {fileID: 9110645995894239446, guid: 86d1a48331acf71468f0d219e82197ab, type: 3}
      propertyPath: m_AnchoredPosition.y
      value: -27
      objectReference: {fileID: 0}
    m_RemovedComponents: []
  m_SourcePrefab: {fileID: 100100000, guid: 86d1a48331acf71468f0d219e82197ab, type: 3}
--- !u!224 &2290188205349335800 stripped
RectTransform:
  m_CorrespondingSourceObject: {fileID: 2055063422308794315, guid: 86d1a48331acf71468f0d219e82197ab, type: 3}
  m_PrefabInstance: {fileID: 237968687485668659}
  m_PrefabAsset: {fileID: 0}
--- !u!114 &2024016390121680271 stripped
MonoBehaviour:
  m_CorrespondingSourceObject: {fileID: 2259592517756035260, guid: 86d1a48331acf71468f0d219e82197ab, type: 3}
  m_PrefabInstance: {fileID: 237968687485668659}
  m_PrefabAsset: {fileID: 0}
  m_GameObject: {fileID: 0}
  m_Enabled: 1
  m_EditorHideFlags: 0
  m_Script: {fileID: 11500000, guid: d7a1b8b6ebbd6ac44b0f01fd4c720629, type: 3}
  m_Name: 
  m_EditorClassIdentifier: 
--- !u!1001 &1731563100164305705
PrefabInstance:
  m_ObjectHideFlags: 0
  serializedVersion: 2
  m_Modification:
    m_TransformParent: {fileID: 325018094943119666}
    m_Modifications:
    - target: {fileID: 2055063422308794315, guid: 86d1a48331acf71468f0d219e82197ab, type: 3}
      propertyPath: m_LocalPosition.x
      value: 0
      objectReference: {fileID: 0}
    - target: {fileID: 2055063422308794315, guid: 86d1a48331acf71468f0d219e82197ab, type: 3}
      propertyPath: m_LocalPosition.y
      value: 0
      objectReference: {fileID: 0}
    - target: {fileID: 2055063422308794315, guid: 86d1a48331acf71468f0d219e82197ab, type: 3}
      propertyPath: m_LocalPosition.z
      value: 0
      objectReference: {fileID: 0}
    - target: {fileID: 2055063422308794315, guid: 86d1a48331acf71468f0d219e82197ab, type: 3}
      propertyPath: m_LocalRotation.x
      value: 0
      objectReference: {fileID: 0}
    - target: {fileID: 2055063422308794315, guid: 86d1a48331acf71468f0d219e82197ab, type: 3}
      propertyPath: m_LocalRotation.y
      value: 0
      objectReference: {fileID: 0}
    - target: {fileID: 2055063422308794315, guid: 86d1a48331acf71468f0d219e82197ab, type: 3}
      propertyPath: m_LocalRotation.z
      value: 0
      objectReference: {fileID: 0}
    - target: {fileID: 2055063422308794315, guid: 86d1a48331acf71468f0d219e82197ab, type: 3}
      propertyPath: m_LocalRotation.w
      value: 1
      objectReference: {fileID: 0}
    - target: {fileID: 2055063422308794315, guid: 86d1a48331acf71468f0d219e82197ab, type: 3}
      propertyPath: m_RootOrder
      value: 0
      objectReference: {fileID: 0}
    - target: {fileID: 2055063422308794315, guid: 86d1a48331acf71468f0d219e82197ab, type: 3}
      propertyPath: m_LocalEulerAnglesHint.x
      value: 0
      objectReference: {fileID: 0}
    - target: {fileID: 2055063422308794315, guid: 86d1a48331acf71468f0d219e82197ab, type: 3}
      propertyPath: m_LocalEulerAnglesHint.y
      value: 0
      objectReference: {fileID: 0}
    - target: {fileID: 2055063422308794315, guid: 86d1a48331acf71468f0d219e82197ab, type: 3}
      propertyPath: m_LocalEulerAnglesHint.z
      value: 0
      objectReference: {fileID: 0}
    - target: {fileID: 2055063422308794315, guid: 86d1a48331acf71468f0d219e82197ab, type: 3}
      propertyPath: m_AnchoredPosition.x
      value: -0.000015258789
      objectReference: {fileID: 0}
    - target: {fileID: 2055063422308794315, guid: 86d1a48331acf71468f0d219e82197ab, type: 3}
      propertyPath: m_AnchoredPosition.y
      value: -106.70117
      objectReference: {fileID: 0}
    - target: {fileID: 2055063422308794315, guid: 86d1a48331acf71468f0d219e82197ab, type: 3}
      propertyPath: m_SizeDelta.x
      value: 437.60107
      objectReference: {fileID: 0}
    - target: {fileID: 2055063422308794315, guid: 86d1a48331acf71468f0d219e82197ab, type: 3}
      propertyPath: m_SizeDelta.y
      value: 213.4024
      objectReference: {fileID: 0}
    - target: {fileID: 2055063422308794315, guid: 86d1a48331acf71468f0d219e82197ab, type: 3}
      propertyPath: m_AnchorMin.x
      value: 0.5
      objectReference: {fileID: 0}
    - target: {fileID: 2055063422308794315, guid: 86d1a48331acf71468f0d219e82197ab, type: 3}
      propertyPath: m_AnchorMin.y
      value: 1
      objectReference: {fileID: 0}
    - target: {fileID: 2055063422308794315, guid: 86d1a48331acf71468f0d219e82197ab, type: 3}
      propertyPath: m_AnchorMax.x
      value: 0.5
      objectReference: {fileID: 0}
    - target: {fileID: 2055063422308794315, guid: 86d1a48331acf71468f0d219e82197ab, type: 3}
      propertyPath: m_AnchorMax.y
      value: 1
      objectReference: {fileID: 0}
    - target: {fileID: 2055063422308794315, guid: 86d1a48331acf71468f0d219e82197ab, type: 3}
      propertyPath: m_Pivot.x
      value: 0.5
      objectReference: {fileID: 0}
    - target: {fileID: 2055063422308794315, guid: 86d1a48331acf71468f0d219e82197ab, type: 3}
      propertyPath: m_Pivot.y
      value: 0.5
      objectReference: {fileID: 0}
    - target: {fileID: 2055063422308794316, guid: 86d1a48331acf71468f0d219e82197ab, type: 3}
      propertyPath: m_Name
      value: AuthorCredit
      objectReference: {fileID: 0}
    - target: {fileID: 2259592517756035260, guid: 86d1a48331acf71468f0d219e82197ab, type: 3}
      propertyPath: _printRate
      value: 0.04
      objectReference: {fileID: 0}
    m_RemovedComponents: []
  m_SourcePrefab: {fileID: 100100000, guid: 86d1a48331acf71468f0d219e82197ab, type: 3}
--- !u!224 &325018096021179618 stripped
RectTransform:
  m_CorrespondingSourceObject: {fileID: 2055063422308794315, guid: 86d1a48331acf71468f0d219e82197ab, type: 3}
  m_PrefabInstance: {fileID: 1731563100164305705}
  m_PrefabAsset: {fileID: 0}
--- !u!114 &530316566127776661 stripped
MonoBehaviour:
  m_CorrespondingSourceObject: {fileID: 2259592517756035260, guid: 86d1a48331acf71468f0d219e82197ab, type: 3}
  m_PrefabInstance: {fileID: 1731563100164305705}
  m_PrefabAsset: {fileID: 0}
  m_GameObject: {fileID: 0}
  m_Enabled: 1
  m_EditorHideFlags: 0
  m_Script: {fileID: 11500000, guid: d7a1b8b6ebbd6ac44b0f01fd4c720629, type: 3}
  m_Name: 
  m_EditorClassIdentifier: 
--- !u!1001 &5037120199168493000
PrefabInstance:
  m_ObjectHideFlags: 0
  serializedVersion: 2
  m_Modification:
    m_TransformParent: {fileID: 325018094943119666}
    m_Modifications:
    - target: {fileID: 2055063422308794315, guid: 86d1a48331acf71468f0d219e82197ab, type: 3}
      propertyPath: m_LocalPosition.x
      value: 0
      objectReference: {fileID: 0}
    - target: {fileID: 2055063422308794315, guid: 86d1a48331acf71468f0d219e82197ab, type: 3}
      propertyPath: m_LocalPosition.y
      value: 0
      objectReference: {fileID: 0}
    - target: {fileID: 2055063422308794315, guid: 86d1a48331acf71468f0d219e82197ab, type: 3}
      propertyPath: m_LocalPosition.z
      value: 0
      objectReference: {fileID: 0}
    - target: {fileID: 2055063422308794315, guid: 86d1a48331acf71468f0d219e82197ab, type: 3}
      propertyPath: m_LocalRotation.x
      value: 0
      objectReference: {fileID: 0}
    - target: {fileID: 2055063422308794315, guid: 86d1a48331acf71468f0d219e82197ab, type: 3}
      propertyPath: m_LocalRotation.y
      value: 0
      objectReference: {fileID: 0}
    - target: {fileID: 2055063422308794315, guid: 86d1a48331acf71468f0d219e82197ab, type: 3}
      propertyPath: m_LocalRotation.z
      value: 0
      objectReference: {fileID: 0}
    - target: {fileID: 2055063422308794315, guid: 86d1a48331acf71468f0d219e82197ab, type: 3}
      propertyPath: m_LocalRotation.w
      value: 1
      objectReference: {fileID: 0}
    - target: {fileID: 2055063422308794315, guid: 86d1a48331acf71468f0d219e82197ab, type: 3}
      propertyPath: m_RootOrder
      value: 4
      objectReference: {fileID: 0}
    - target: {fileID: 2055063422308794315, guid: 86d1a48331acf71468f0d219e82197ab, type: 3}
      propertyPath: m_LocalEulerAnglesHint.x
      value: 0
      objectReference: {fileID: 0}
    - target: {fileID: 2055063422308794315, guid: 86d1a48331acf71468f0d219e82197ab, type: 3}
      propertyPath: m_LocalEulerAnglesHint.y
      value: 0
      objectReference: {fileID: 0}
    - target: {fileID: 2055063422308794315, guid: 86d1a48331acf71468f0d219e82197ab, type: 3}
      propertyPath: m_LocalEulerAnglesHint.z
      value: 0
      objectReference: {fileID: 0}
    - target: {fileID: 2055063422308794315, guid: 86d1a48331acf71468f0d219e82197ab, type: 3}
      propertyPath: m_AnchoredPosition.x
      value: 447
      objectReference: {fileID: 0}
    - target: {fileID: 2055063422308794315, guid: 86d1a48331acf71468f0d219e82197ab, type: 3}
      propertyPath: m_AnchoredPosition.y
      value: 1.2988281
      objectReference: {fileID: 0}
    - target: {fileID: 2055063422308794315, guid: 86d1a48331acf71468f0d219e82197ab, type: 3}
      propertyPath: m_SizeDelta.x
      value: 437.60107
      objectReference: {fileID: 0}
    - target: {fileID: 2055063422308794315, guid: 86d1a48331acf71468f0d219e82197ab, type: 3}
      propertyPath: m_SizeDelta.y
      value: 213.4024
      objectReference: {fileID: 0}
    - target: {fileID: 2055063422308794315, guid: 86d1a48331acf71468f0d219e82197ab, type: 3}
      propertyPath: m_AnchorMin.x
      value: 0
      objectReference: {fileID: 0}
    - target: {fileID: 2055063422308794315, guid: 86d1a48331acf71468f0d219e82197ab, type: 3}
      propertyPath: m_AnchorMin.y
      value: 0.5
      objectReference: {fileID: 0}
    - target: {fileID: 2055063422308794315, guid: 86d1a48331acf71468f0d219e82197ab, type: 3}
      propertyPath: m_AnchorMax.x
      value: 0
      objectReference: {fileID: 0}
    - target: {fileID: 2055063422308794315, guid: 86d1a48331acf71468f0d219e82197ab, type: 3}
      propertyPath: m_AnchorMax.y
      value: 0.5
      objectReference: {fileID: 0}
    - target: {fileID: 2055063422308794315, guid: 86d1a48331acf71468f0d219e82197ab, type: 3}
      propertyPath: m_Pivot.x
      value: 0.5
      objectReference: {fileID: 0}
    - target: {fileID: 2055063422308794315, guid: 86d1a48331acf71468f0d219e82197ab, type: 3}
      propertyPath: m_Pivot.y
      value: 0.5
      objectReference: {fileID: 0}
    - target: {fileID: 2055063422308794315, guid: 86d1a48331acf71468f0d219e82197ab, type: 3}
      propertyPath: m_LocalScale.x
      value: 0.84586
      objectReference: {fileID: 0}
    - target: {fileID: 2055063422308794315, guid: 86d1a48331acf71468f0d219e82197ab, type: 3}
      propertyPath: m_LocalScale.y
      value: 0.84586
      objectReference: {fileID: 0}
    - target: {fileID: 2055063422308794316, guid: 86d1a48331acf71468f0d219e82197ab, type: 3}
      propertyPath: m_Name
      value: SFX Credits
      objectReference: {fileID: 0}
    - target: {fileID: 2205313634974734020, guid: 86d1a48331acf71468f0d219e82197ab, type: 3}
      propertyPath: m_text
      value: Sound Effects By
      objectReference: {fileID: 0}
    - target: {fileID: 2205313634974734020, guid: 86d1a48331acf71468f0d219e82197ab, type: 3}
      propertyPath: m_VerticalAlignment
      value: 512
      objectReference: {fileID: 0}
    - target: {fileID: 2259592517756035260, guid: 86d1a48331acf71468f0d219e82197ab, type: 3}
      propertyPath: _printRate
      value: 0.04
      objectReference: {fileID: 0}
    - target: {fileID: 8314287447400289943, guid: 86d1a48331acf71468f0d219e82197ab, type: 3}
      propertyPath: m_text
      value: 'Mike Koenig @SoundBible.com

        Grant Evans @SoundBible.com

        Esewi
        Egheosa

'
      objectReference: {fileID: 0}
    - target: {fileID: 8953557153934817045, guid: 86d1a48331acf71468f0d219e82197ab, type: 3}
      propertyPath: m_AnchoredPosition.x
      value: -0.0000076293945
      objectReference: {fileID: 0}
    - target: {fileID: 8953557153934817045, guid: 86d1a48331acf71468f0d219e82197ab, type: 3}
      propertyPath: m_SizeDelta.x
      value: 507.05466
      objectReference: {fileID: 0}
    - target: {fileID: 8953557153934817045, guid: 86d1a48331acf71468f0d219e82197ab, type: 3}
      propertyPath: m_SizeDelta.y
      value: 76.48811
      objectReference: {fileID: 0}
    - target: {fileID: 8953557153934817045, guid: 86d1a48331acf71468f0d219e82197ab, type: 3}
      propertyPath: m_AnchoredPosition.y
      value: -38.244057
      objectReference: {fileID: 0}
    - target: {fileID: 9110645995894239446, guid: 86d1a48331acf71468f0d219e82197ab, type: 3}
      propertyPath: m_AnchoredPosition.x
      value: 19.3
      objectReference: {fileID: 0}
    - target: {fileID: 9110645995894239446, guid: 86d1a48331acf71468f0d219e82197ab, type: 3}
      propertyPath: m_SizeDelta.x
      value: 963.3285
      objectReference: {fileID: 0}
    - target: {fileID: 9110645995894239446, guid: 86d1a48331acf71468f0d219e82197ab, type: 3}
      propertyPath: m_SizeDelta.y
      value: 106.56653
      objectReference: {fileID: 0}
    - target: {fileID: 9110645995894239446, guid: 86d1a48331acf71468f0d219e82197ab, type: 3}
      propertyPath: m_AnchorMin.y
      value: 0.5
      objectReference: {fileID: 0}
    - target: {fileID: 9110645995894239446, guid: 86d1a48331acf71468f0d219e82197ab, type: 3}
      propertyPath: m_AnchorMax.y
      value: 0.5
      objectReference: {fileID: 0}
    - target: {fileID: 9110645995894239446, guid: 86d1a48331acf71468f0d219e82197ab, type: 3}
      propertyPath: m_AnchoredPosition.y
      value: -58.920174
      objectReference: {fileID: 0}
    m_RemovedComponents: []
  m_SourcePrefab: {fileID: 100100000, guid: 86d1a48331acf71468f0d219e82197ab, type: 3}
--- !u!224 &6440850508188957187 stripped
RectTransform:
  m_CorrespondingSourceObject: {fileID: 2055063422308794315, guid: 86d1a48331acf71468f0d219e82197ab, type: 3}
  m_PrefabInstance: {fileID: 5037120199168493000}
  m_PrefabAsset: {fileID: 0}
--- !u!114 &6538344087984579956 stripped
MonoBehaviour:
  m_CorrespondingSourceObject: {fileID: 2259592517756035260, guid: 86d1a48331acf71468f0d219e82197ab, type: 3}
  m_PrefabInstance: {fileID: 5037120199168493000}
  m_PrefabAsset: {fileID: 0}
  m_GameObject: {fileID: 0}
  m_Enabled: 1
  m_EditorHideFlags: 0
  m_Script: {fileID: 11500000, guid: d7a1b8b6ebbd6ac44b0f01fd4c720629, type: 3}
  m_Name: 
  m_EditorClassIdentifier: 
--- !u!1001 &9003756879954570745
PrefabInstance:
  m_ObjectHideFlags: 0
  serializedVersion: 2
  m_Modification:
    m_TransformParent: {fileID: 325018094943119666}
    m_Modifications:
    - target: {fileID: 2055063422308794315, guid: 86d1a48331acf71468f0d219e82197ab, type: 3}
      propertyPath: m_LocalPosition.x
      value: 0
      objectReference: {fileID: 0}
    - target: {fileID: 2055063422308794315, guid: 86d1a48331acf71468f0d219e82197ab, type: 3}
      propertyPath: m_LocalPosition.y
      value: 0
      objectReference: {fileID: 0}
    - target: {fileID: 2055063422308794315, guid: 86d1a48331acf71468f0d219e82197ab, type: 3}
      propertyPath: m_LocalPosition.z
      value: 0
      objectReference: {fileID: 0}
    - target: {fileID: 2055063422308794315, guid: 86d1a48331acf71468f0d219e82197ab, type: 3}
      propertyPath: m_LocalRotation.x
      value: 0
      objectReference: {fileID: 0}
    - target: {fileID: 2055063422308794315, guid: 86d1a48331acf71468f0d219e82197ab, type: 3}
      propertyPath: m_LocalRotation.y
      value: 0
      objectReference: {fileID: 0}
    - target: {fileID: 2055063422308794315, guid: 86d1a48331acf71468f0d219e82197ab, type: 3}
      propertyPath: m_LocalRotation.z
      value: 0
      objectReference: {fileID: 0}
    - target: {fileID: 2055063422308794315, guid: 86d1a48331acf71468f0d219e82197ab, type: 3}
      propertyPath: m_LocalRotation.w
      value: 1
      objectReference: {fileID: 0}
    - target: {fileID: 2055063422308794315, guid: 86d1a48331acf71468f0d219e82197ab, type: 3}
      propertyPath: m_RootOrder
      value: 6
      objectReference: {fileID: 0}
    - target: {fileID: 2055063422308794315, guid: 86d1a48331acf71468f0d219e82197ab, type: 3}
      propertyPath: m_LocalEulerAnglesHint.x
      value: 0
      objectReference: {fileID: 0}
    - target: {fileID: 2055063422308794315, guid: 86d1a48331acf71468f0d219e82197ab, type: 3}
      propertyPath: m_LocalEulerAnglesHint.y
      value: 0
      objectReference: {fileID: 0}
    - target: {fileID: 2055063422308794315, guid: 86d1a48331acf71468f0d219e82197ab, type: 3}
      propertyPath: m_LocalEulerAnglesHint.z
      value: 0
      objectReference: {fileID: 0}
    - target: {fileID: 2055063422308794315, guid: 86d1a48331acf71468f0d219e82197ab, type: 3}
      propertyPath: m_AnchoredPosition.x
      value: -449.97
      objectReference: {fileID: 0}
    - target: {fileID: 2055063422308794315, guid: 86d1a48331acf71468f0d219e82197ab, type: 3}
      propertyPath: m_AnchoredPosition.y
      value: 217.29883
      objectReference: {fileID: 0}
    - target: {fileID: 2055063422308794315, guid: 86d1a48331acf71468f0d219e82197ab, type: 3}
      propertyPath: m_SizeDelta.x
      value: 437.60107
      objectReference: {fileID: 0}
    - target: {fileID: 2055063422308794315, guid: 86d1a48331acf71468f0d219e82197ab, type: 3}
      propertyPath: m_SizeDelta.y
      value: 213.4024
      objectReference: {fileID: 0}
    - target: {fileID: 2055063422308794315, guid: 86d1a48331acf71468f0d219e82197ab, type: 3}
      propertyPath: m_AnchorMin.x
      value: 1
      objectReference: {fileID: 0}
    - target: {fileID: 2055063422308794315, guid: 86d1a48331acf71468f0d219e82197ab, type: 3}
      propertyPath: m_AnchorMin.y
      value: 0.5
      objectReference: {fileID: 0}
    - target: {fileID: 2055063422308794315, guid: 86d1a48331acf71468f0d219e82197ab, type: 3}
      propertyPath: m_AnchorMax.x
      value: 1
      objectReference: {fileID: 0}
    - target: {fileID: 2055063422308794315, guid: 86d1a48331acf71468f0d219e82197ab, type: 3}
      propertyPath: m_AnchorMax.y
      value: 0.5
      objectReference: {fileID: 0}
    - target: {fileID: 2055063422308794315, guid: 86d1a48331acf71468f0d219e82197ab, type: 3}
      propertyPath: m_Pivot.x
      value: 0.5
      objectReference: {fileID: 0}
    - target: {fileID: 2055063422308794315, guid: 86d1a48331acf71468f0d219e82197ab, type: 3}
      propertyPath: m_Pivot.y
      value: 0.5
      objectReference: {fileID: 0}
    - target: {fileID: 2055063422308794315, guid: 86d1a48331acf71468f0d219e82197ab, type: 3}
      propertyPath: m_LocalScale.x
      value: 0.84586
      objectReference: {fileID: 0}
    - target: {fileID: 2055063422308794315, guid: 86d1a48331acf71468f0d219e82197ab, type: 3}
      propertyPath: m_LocalScale.y
      value: 0.84586
      objectReference: {fileID: 0}
    - target: {fileID: 2055063422308794315, guid: 86d1a48331acf71468f0d219e82197ab, type: 3}
      propertyPath: m_LocalScale.z
      value: 1
      objectReference: {fileID: 0}
    - target: {fileID: 2055063422308794316, guid: 86d1a48331acf71468f0d219e82197ab, type: 3}
      propertyPath: m_Name
      value: Skybox Credits (1)
      objectReference: {fileID: 0}
    - target: {fileID: 2205313634974734020, guid: 86d1a48331acf71468f0d219e82197ab, type: 3}
      propertyPath: m_text
      value: Skybox Asset By
      objectReference: {fileID: 0}
    - target: {fileID: 2205313634974734020, guid: 86d1a48331acf71468f0d219e82197ab, type: 3}
      propertyPath: m_VerticalAlignment
      value: 512
      objectReference: {fileID: 0}
    - target: {fileID: 2259592517756035260, guid: 86d1a48331acf71468f0d219e82197ab, type: 3}
      propertyPath: _printRate
      value: 0.04
      objectReference: {fileID: 0}
    - target: {fileID: 8314287447400289943, guid: 86d1a48331acf71468f0d219e82197ab, type: 3}
      propertyPath: m_text
      value: JeromeWork
      objectReference: {fileID: 0}
    - target: {fileID: 8953557153934817045, guid: 86d1a48331acf71468f0d219e82197ab, type: 3}
      propertyPath: m_AnchoredPosition.x
      value: -0.0000076293945
      objectReference: {fileID: 0}
    - target: {fileID: 8953557153934817045, guid: 86d1a48331acf71468f0d219e82197ab, type: 3}
      propertyPath: m_SizeDelta.x
      value: 507.05466
      objectReference: {fileID: 0}
    - target: {fileID: 8953557153934817045, guid: 86d1a48331acf71468f0d219e82197ab, type: 3}
      propertyPath: m_SizeDelta.y
      value: 76.48811
      objectReference: {fileID: 0}
    - target: {fileID: 8953557153934817045, guid: 86d1a48331acf71468f0d219e82197ab, type: 3}
      propertyPath: m_AnchoredPosition.y
      value: -38.244057
      objectReference: {fileID: 0}
    - target: {fileID: 9110645995894239446, guid: 86d1a48331acf71468f0d219e82197ab, type: 3}
      propertyPath: m_AnchoredPosition.x
      value: 19.3
      objectReference: {fileID: 0}
    - target: {fileID: 9110645995894239446, guid: 86d1a48331acf71468f0d219e82197ab, type: 3}
      propertyPath: m_SizeDelta.x
      value: 963.3285
      objectReference: {fileID: 0}
    - target: {fileID: 9110645995894239446, guid: 86d1a48331acf71468f0d219e82197ab, type: 3}
      propertyPath: m_SizeDelta.y
      value: 106.56653
      objectReference: {fileID: 0}
    - target: {fileID: 9110645995894239446, guid: 86d1a48331acf71468f0d219e82197ab, type: 3}
      propertyPath: m_AnchorMin.y
      value: 0.5
      objectReference: {fileID: 0}
    - target: {fileID: 9110645995894239446, guid: 86d1a48331acf71468f0d219e82197ab, type: 3}
      propertyPath: m_AnchorMax.y
      value: 0.5
      objectReference: {fileID: 0}
    - target: {fileID: 9110645995894239446, guid: 86d1a48331acf71468f0d219e82197ab, type: 3}
      propertyPath: m_AnchoredPosition.y
      value: 0
      objectReference: {fileID: 0}
    m_RemovedComponents: []
  m_SourcePrefab: {fileID: 100100000, guid: 86d1a48331acf71468f0d219e82197ab, type: 3}
--- !u!224 &6950963419402392114 stripped
RectTransform:
  m_CorrespondingSourceObject: {fileID: 2055063422308794315, guid: 86d1a48331acf71468f0d219e82197ab, type: 3}
  m_PrefabInstance: {fileID: 9003756879954570745}
  m_PrefabAsset: {fileID: 0}
--- !u!114 &7181106437078207813 stripped
MonoBehaviour:
  m_CorrespondingSourceObject: {fileID: 2259592517756035260, guid: 86d1a48331acf71468f0d219e82197ab, type: 3}
  m_PrefabInstance: {fileID: 9003756879954570745}
  m_PrefabAsset: {fileID: 0}
  m_GameObject: {fileID: 0}
  m_Enabled: 1
  m_EditorHideFlags: 0
  m_Script: {fileID: 11500000, guid: d7a1b8b6ebbd6ac44b0f01fd4c720629, type: 3}
  m_Name: 
  m_EditorClassIdentifier: 
--- !u!1001 &9003756880776395998
PrefabInstance:
  m_ObjectHideFlags: 0
  serializedVersion: 2
  m_Modification:
    m_TransformParent: {fileID: 325018094943119666}
    m_Modifications:
    - target: {fileID: 2055063422308794315, guid: 86d1a48331acf71468f0d219e82197ab, type: 3}
      propertyPath: m_LocalPosition.x
      value: 0
      objectReference: {fileID: 0}
    - target: {fileID: 2055063422308794315, guid: 86d1a48331acf71468f0d219e82197ab, type: 3}
      propertyPath: m_LocalPosition.y
      value: 0
      objectReference: {fileID: 0}
    - target: {fileID: 2055063422308794315, guid: 86d1a48331acf71468f0d219e82197ab, type: 3}
      propertyPath: m_LocalPosition.z
      value: 0
      objectReference: {fileID: 0}
    - target: {fileID: 2055063422308794315, guid: 86d1a48331acf71468f0d219e82197ab, type: 3}
      propertyPath: m_LocalRotation.x
      value: 0
      objectReference: {fileID: 0}
    - target: {fileID: 2055063422308794315, guid: 86d1a48331acf71468f0d219e82197ab, type: 3}
      propertyPath: m_LocalRotation.y
      value: 0
      objectReference: {fileID: 0}
    - target: {fileID: 2055063422308794315, guid: 86d1a48331acf71468f0d219e82197ab, type: 3}
      propertyPath: m_LocalRotation.z
      value: 0
      objectReference: {fileID: 0}
    - target: {fileID: 2055063422308794315, guid: 86d1a48331acf71468f0d219e82197ab, type: 3}
      propertyPath: m_LocalRotation.w
      value: 1
      objectReference: {fileID: 0}
    - target: {fileID: 2055063422308794315, guid: 86d1a48331acf71468f0d219e82197ab, type: 3}
      propertyPath: m_RootOrder
      value: 7
      objectReference: {fileID: 0}
    - target: {fileID: 2055063422308794315, guid: 86d1a48331acf71468f0d219e82197ab, type: 3}
      propertyPath: m_LocalEulerAnglesHint.x
      value: 0
      objectReference: {fileID: 0}
    - target: {fileID: 2055063422308794315, guid: 86d1a48331acf71468f0d219e82197ab, type: 3}
      propertyPath: m_LocalEulerAnglesHint.y
      value: 0
      objectReference: {fileID: 0}
    - target: {fileID: 2055063422308794315, guid: 86d1a48331acf71468f0d219e82197ab, type: 3}
      propertyPath: m_LocalEulerAnglesHint.z
      value: 0
      objectReference: {fileID: 0}
    - target: {fileID: 2055063422308794315, guid: 86d1a48331acf71468f0d219e82197ab, type: 3}
      propertyPath: m_AnchoredPosition.x
      value: -449.97
      objectReference: {fileID: 0}
    - target: {fileID: 2055063422308794315, guid: 86d1a48331acf71468f0d219e82197ab, type: 3}
      propertyPath: m_AnchoredPosition.y
      value: 1.2988281
      objectReference: {fileID: 0}
    - target: {fileID: 2055063422308794315, guid: 86d1a48331acf71468f0d219e82197ab, type: 3}
      propertyPath: m_SizeDelta.x
      value: 437.60107
      objectReference: {fileID: 0}
    - target: {fileID: 2055063422308794315, guid: 86d1a48331acf71468f0d219e82197ab, type: 3}
      propertyPath: m_SizeDelta.y
      value: 213.4024
      objectReference: {fileID: 0}
    - target: {fileID: 2055063422308794315, guid: 86d1a48331acf71468f0d219e82197ab, type: 3}
      propertyPath: m_AnchorMin.x
      value: 1
      objectReference: {fileID: 0}
    - target: {fileID: 2055063422308794315, guid: 86d1a48331acf71468f0d219e82197ab, type: 3}
      propertyPath: m_AnchorMin.y
      value: 0.5
      objectReference: {fileID: 0}
    - target: {fileID: 2055063422308794315, guid: 86d1a48331acf71468f0d219e82197ab, type: 3}
      propertyPath: m_AnchorMax.x
      value: 1
      objectReference: {fileID: 0}
    - target: {fileID: 2055063422308794315, guid: 86d1a48331acf71468f0d219e82197ab, type: 3}
      propertyPath: m_AnchorMax.y
      value: 0.5
      objectReference: {fileID: 0}
    - target: {fileID: 2055063422308794315, guid: 86d1a48331acf71468f0d219e82197ab, type: 3}
      propertyPath: m_Pivot.x
      value: 0.5
      objectReference: {fileID: 0}
    - target: {fileID: 2055063422308794315, guid: 86d1a48331acf71468f0d219e82197ab, type: 3}
      propertyPath: m_Pivot.y
      value: 0.5
      objectReference: {fileID: 0}
    - target: {fileID: 2055063422308794315, guid: 86d1a48331acf71468f0d219e82197ab, type: 3}
      propertyPath: m_LocalScale.x
      value: 0.84586
      objectReference: {fileID: 0}
    - target: {fileID: 2055063422308794315, guid: 86d1a48331acf71468f0d219e82197ab, type: 3}
      propertyPath: m_LocalScale.y
      value: 0.84586
      objectReference: {fileID: 0}
    - target: {fileID: 2055063422308794315, guid: 86d1a48331acf71468f0d219e82197ab, type: 3}
      propertyPath: m_LocalScale.z
      value: 1
      objectReference: {fileID: 0}
    - target: {fileID: 2055063422308794316, guid: 86d1a48331acf71468f0d219e82197ab, type: 3}
      propertyPath: m_Name
      value: Songs
      objectReference: {fileID: 0}
    - target: {fileID: 2205313634974734020, guid: 86d1a48331acf71468f0d219e82197ab, type: 3}
      propertyPath: m_text
      value: Songs By
      objectReference: {fileID: 0}
    - target: {fileID: 2205313634974734020, guid: 86d1a48331acf71468f0d219e82197ab, type: 3}
      propertyPath: m_VerticalAlignment
      value: 512
      objectReference: {fileID: 0}
    - target: {fileID: 2259592517756035260, guid: 86d1a48331acf71468f0d219e82197ab, type: 3}
      propertyPath: _printRate
      value: 0.04
      objectReference: {fileID: 0}
    - target: {fileID: 8314287447400289943, guid: 86d1a48331acf71468f0d219e82197ab, type: 3}
      propertyPath: m_text
      value: "Sunny Days \n@Anno Domini Beats\n\nKickin' It With Aliens \n@ Sarah,
        The Illstrumentalist"
      objectReference: {fileID: 0}
    - target: {fileID: 8314287447400289943, guid: 86d1a48331acf71468f0d219e82197ab, type: 3}
      propertyPath: m_wordSpacing
      value: -41.24
      objectReference: {fileID: 0}
    - target: {fileID: 8953557153934817045, guid: 86d1a48331acf71468f0d219e82197ab, type: 3}
      propertyPath: m_AnchoredPosition.x
      value: -0.0000076293945
      objectReference: {fileID: 0}
    - target: {fileID: 8953557153934817045, guid: 86d1a48331acf71468f0d219e82197ab, type: 3}
      propertyPath: m_SizeDelta.x
      value: 507.05466
      objectReference: {fileID: 0}
    - target: {fileID: 8953557153934817045, guid: 86d1a48331acf71468f0d219e82197ab, type: 3}
      propertyPath: m_SizeDelta.y
      value: 76.48811
      objectReference: {fileID: 0}
    - target: {fileID: 8953557153934817045, guid: 86d1a48331acf71468f0d219e82197ab, type: 3}
      propertyPath: m_AnchoredPosition.y
      value: -38.244057
      objectReference: {fileID: 0}
    - target: {fileID: 9110645995894239446, guid: 86d1a48331acf71468f0d219e82197ab, type: 3}
      propertyPath: m_AnchoredPosition.x
      value: -6.363098
      objectReference: {fileID: 0}
    - target: {fileID: 9110645995894239446, guid: 86d1a48331acf71468f0d219e82197ab, type: 3}
      propertyPath: m_SizeDelta.x
      value: 793.73596
      objectReference: {fileID: 0}
    - target: {fileID: 9110645995894239446, guid: 86d1a48331acf71468f0d219e82197ab, type: 3}
      propertyPath: m_SizeDelta.y
      value: 209.25757
      objectReference: {fileID: 0}
    - target: {fileID: 9110645995894239446, guid: 86d1a48331acf71468f0d219e82197ab, type: 3}
      propertyPath: m_AnchorMin.y
      value: 0.5
      objectReference: {fileID: 0}
    - target: {fileID: 9110645995894239446, guid: 86d1a48331acf71468f0d219e82197ab, type: 3}
      propertyPath: m_AnchorMax.y
      value: 0.5
      objectReference: {fileID: 0}
    - target: {fileID: 9110645995894239446, guid: 86d1a48331acf71468f0d219e82197ab, type: 3}
      propertyPath: m_AnchoredPosition.y
      value: -140.1807
      objectReference: {fileID: 0}
    m_RemovedComponents: []
  m_SourcePrefab: {fileID: 100100000, guid: 86d1a48331acf71468f0d219e82197ab, type: 3}
--- !u!114 &7181106435787152482 stripped
MonoBehaviour:
  m_CorrespondingSourceObject: {fileID: 2259592517756035260, guid: 86d1a48331acf71468f0d219e82197ab, type: 3}
  m_PrefabInstance: {fileID: 9003756880776395998}
  m_PrefabAsset: {fileID: 0}
  m_GameObject: {fileID: 0}
  m_Enabled: 1
  m_EditorHideFlags: 0
  m_Script: {fileID: 11500000, guid: d7a1b8b6ebbd6ac44b0f01fd4c720629, type: 3}
  m_Name: 
  m_EditorClassIdentifier: 
--- !u!224 &6950963417573933845 stripped
RectTransform:
  m_CorrespondingSourceObject: {fileID: 2055063422308794315, guid: 86d1a48331acf71468f0d219e82197ab, type: 3}
  m_PrefabInstance: {fileID: 9003756880776395998}
  m_PrefabAsset: {fileID: 0}
