%YAML 1.1
%TAG !u! tag:unity3d.com,2011:
--- !u!1 &7660019735413489108
GameObject:
  m_ObjectHideFlags: 0
  m_CorrespondingSourceObject: {fileID: 0}
  m_PrefabInstance: {fileID: 0}
  m_PrefabAsset: {fileID: 0}
  serializedVersion: 6
  m_Component:
  - component: {fileID: 7660019735413489104}
  - component: {fileID: 7660019735413488686}
  - component: {fileID: 7660019735413489105}
  m_Layer: 12
  m_Name: Leprachaun
  m_TagString: Untagged
  m_Icon: {fileID: 0}
  m_NavMeshLayer: 0
  m_StaticEditorFlags: 0
  m_IsActive: 1
--- !u!4 &7660019735413489104
Transform:
  m_ObjectHideFlags: 0
  m_CorrespondingSourceObject: {fileID: 0}
  m_PrefabInstance: {fileID: 0}
  m_PrefabAsset: {fileID: 0}
  m_GameObject: {fileID: 7660019735413489108}
  m_LocalRotation: {x: 0, y: -0.92387956, z: 0, w: 0.38268343}
  m_LocalPosition: {x: -13.4003315, y: 0.5, z: 88.37968}
  m_LocalScale: {x: 0.79524, y: 1.4341, z: 0.67028}
  m_Children:
  - {fileID: 7660019734678328575}
  m_Father: {fileID: 0}
  m_RootOrder: 0
  m_LocalEulerAnglesHint: {x: 0, y: -135, z: 0}
--- !u!114 &7660019735413488686
MonoBehaviour:
  m_ObjectHideFlags: 0
  m_CorrespondingSourceObject: {fileID: 0}
  m_PrefabInstance: {fileID: 0}
  m_PrefabAsset: {fileID: 0}
  m_GameObject: {fileID: 7660019735413489108}
  m_Enabled: 1
  m_EditorHideFlags: 0
  m_Script: {fileID: 11500000, guid: ee9299995d41fe241a7b809c5d7e34ac, type: 3}
  m_Name: 
  m_EditorClassIdentifier: 
  _defaultBeatID: 26
  _consequenceTrigger: Steal Gold
  _promptText: '"[E] To Speak To Leprechaun"'
  _disappearVFX: {fileID: 6834827208116176765, guid: 637a4a42b36753e458874b58ee6f3d37, type: 3}
  _stolenGoldBeatID: 25
  _hideTriggers:
  - Leprachaun Curse
  - Leprachaun Blessing
  - Leprachaun Leaves Player
  _SFXtrigger: Slightly Longer
  _gfx: {fileID: 7660019734678358239}
  _holdBeforeDisappear: 1
  _minTimeToSigh: 0
  _maxTimeToSigh: 3
--- !u!65 &7660019735413489105
BoxCollider:
  m_ObjectHideFlags: 0
  m_CorrespondingSourceObject: {fileID: 0}
  m_PrefabInstance: {fileID: 0}
  m_PrefabAsset: {fileID: 0}
  m_GameObject: {fileID: 7660019735413489108}
  m_Material: {fileID: 0}
  m_IsTrigger: 1
  m_Enabled: 1
  serializedVersion: 2
  m_Size: {x: 4, y: 1, z: 5}
  m_Center: {x: 0, y: 0, z: 0}
--- !u!1001 &7660019734678457983
PrefabInstance:
  m_ObjectHideFlags: 0
  serializedVersion: 2
  m_Modification:
    m_TransformParent: {fileID: 7660019735413489104}
    m_Modifications:
    - target: {fileID: 100000, guid: c14bb5ce28dbb7442a2f79d8b6a061ce, type: 3}
      propertyPath: m_Name
      value: BusinesLeprachaunGFX
      objectReference: {fileID: 0}
    - target: {fileID: 100000, guid: c14bb5ce28dbb7442a2f79d8b6a061ce, type: 3}
      propertyPath: m_Layer
      value: 12
      objectReference: {fileID: 0}
    - target: {fileID: 100004, guid: c14bb5ce28dbb7442a2f79d8b6a061ce, type: 3}
      propertyPath: m_Layer
      value: 12
      objectReference: {fileID: 0}
    - target: {fileID: 100008, guid: c14bb5ce28dbb7442a2f79d8b6a061ce, type: 3}
      propertyPath: m_Layer
      value: 12
      objectReference: {fileID: 0}
    - target: {fileID: 100010, guid: c14bb5ce28dbb7442a2f79d8b6a061ce, type: 3}
      propertyPath: m_Layer
      value: 12
      objectReference: {fileID: 0}
    - target: {fileID: 100018, guid: c14bb5ce28dbb7442a2f79d8b6a061ce, type: 3}
      propertyPath: m_Layer
      value: 12
      objectReference: {fileID: 0}
    - target: {fileID: 100024, guid: c14bb5ce28dbb7442a2f79d8b6a061ce, type: 3}
      propertyPath: m_Layer
      value: 12
      objectReference: {fileID: 0}
    - target: {fileID: 100026, guid: c14bb5ce28dbb7442a2f79d8b6a061ce, type: 3}
      propertyPath: m_Layer
      value: 12
      objectReference: {fileID: 0}
    - target: {fileID: 100028, guid: c14bb5ce28dbb7442a2f79d8b6a061ce, type: 3}
      propertyPath: m_Layer
      value: 12
      objectReference: {fileID: 0}
    - target: {fileID: 100030, guid: c14bb5ce28dbb7442a2f79d8b6a061ce, type: 3}
      propertyPath: m_Layer
      value: 12
      objectReference: {fileID: 0}
    - target: {fileID: 100032, guid: c14bb5ce28dbb7442a2f79d8b6a061ce, type: 3}
      propertyPath: m_Layer
      value: 12
      objectReference: {fileID: 0}
    - target: {fileID: 100034, guid: c14bb5ce28dbb7442a2f79d8b6a061ce, type: 3}
      propertyPath: m_Layer
      value: 12
      objectReference: {fileID: 0}
    - target: {fileID: 100036, guid: c14bb5ce28dbb7442a2f79d8b6a061ce, type: 3}
      propertyPath: m_Layer
      value: 12
      objectReference: {fileID: 0}
    - target: {fileID: 101024, guid: c14bb5ce28dbb7442a2f79d8b6a061ce, type: 3}
      propertyPath: m_Layer
      value: 12
      objectReference: {fileID: 0}
    - target: {fileID: 102966, guid: c14bb5ce28dbb7442a2f79d8b6a061ce, type: 3}
      propertyPath: m_Layer
      value: 12
      objectReference: {fileID: 0}
    - target: {fileID: 103360, guid: c14bb5ce28dbb7442a2f79d8b6a061ce, type: 3}
      propertyPath: m_Layer
      value: 12
      objectReference: {fileID: 0}
    - target: {fileID: 109450, guid: c14bb5ce28dbb7442a2f79d8b6a061ce, type: 3}
      propertyPath: m_Layer
      value: 12
      objectReference: {fileID: 0}
    - target: {fileID: 112364, guid: c14bb5ce28dbb7442a2f79d8b6a061ce, type: 3}
      propertyPath: m_Layer
      value: 12
      objectReference: {fileID: 0}
    - target: {fileID: 116468, guid: c14bb5ce28dbb7442a2f79d8b6a061ce, type: 3}
      propertyPath: m_Layer
      value: 12
      objectReference: {fileID: 0}
    - target: {fileID: 117998, guid: c14bb5ce28dbb7442a2f79d8b6a061ce, type: 3}
      propertyPath: m_Layer
      value: 12
      objectReference: {fileID: 0}
    - target: {fileID: 118136, guid: c14bb5ce28dbb7442a2f79d8b6a061ce, type: 3}
      propertyPath: m_Layer
      value: 12
      objectReference: {fileID: 0}
    - target: {fileID: 119138, guid: c14bb5ce28dbb7442a2f79d8b6a061ce, type: 3}
      propertyPath: m_Layer
      value: 12
      objectReference: {fileID: 0}
    - target: {fileID: 127214, guid: c14bb5ce28dbb7442a2f79d8b6a061ce, type: 3}
      propertyPath: m_Layer
      value: 12
      objectReference: {fileID: 0}
    - target: {fileID: 134528, guid: c14bb5ce28dbb7442a2f79d8b6a061ce, type: 3}
      propertyPath: m_Layer
      value: 12
      objectReference: {fileID: 0}
    - target: {fileID: 141866, guid: c14bb5ce28dbb7442a2f79d8b6a061ce, type: 3}
      propertyPath: m_Layer
      value: 12
      objectReference: {fileID: 0}
    - target: {fileID: 153430, guid: c14bb5ce28dbb7442a2f79d8b6a061ce, type: 3}
      propertyPath: m_Layer
      value: 12
      objectReference: {fileID: 0}
    - target: {fileID: 159512, guid: c14bb5ce28dbb7442a2f79d8b6a061ce, type: 3}
      propertyPath: m_Layer
      value: 12
      objectReference: {fileID: 0}
    - target: {fileID: 160664, guid: c14bb5ce28dbb7442a2f79d8b6a061ce, type: 3}
      propertyPath: m_Layer
      value: 12
      objectReference: {fileID: 0}
    - target: {fileID: 163132, guid: c14bb5ce28dbb7442a2f79d8b6a061ce, type: 3}
      propertyPath: m_Layer
      value: 12
      objectReference: {fileID: 0}
    - target: {fileID: 166196, guid: c14bb5ce28dbb7442a2f79d8b6a061ce, type: 3}
      propertyPath: m_Layer
      value: 12
      objectReference: {fileID: 0}
    - target: {fileID: 175024, guid: c14bb5ce28dbb7442a2f79d8b6a061ce, type: 3}
      propertyPath: m_Layer
      value: 12
      objectReference: {fileID: 0}
    - target: {fileID: 182592, guid: c14bb5ce28dbb7442a2f79d8b6a061ce, type: 3}
      propertyPath: m_Layer
      value: 12
      objectReference: {fileID: 0}
    - target: {fileID: 183746, guid: c14bb5ce28dbb7442a2f79d8b6a061ce, type: 3}
      propertyPath: m_Layer
      value: 12
      objectReference: {fileID: 0}
    - target: {fileID: 187690, guid: c14bb5ce28dbb7442a2f79d8b6a061ce, type: 3}
      propertyPath: m_Layer
      value: 12
      objectReference: {fileID: 0}
    - target: {fileID: 187770, guid: c14bb5ce28dbb7442a2f79d8b6a061ce, type: 3}
      propertyPath: m_Layer
      value: 12
      objectReference: {fileID: 0}
    - target: {fileID: 193162, guid: c14bb5ce28dbb7442a2f79d8b6a061ce, type: 3}
      propertyPath: m_Layer
      value: 12
      objectReference: {fileID: 0}
    - target: {fileID: 195408, guid: c14bb5ce28dbb7442a2f79d8b6a061ce, type: 3}
      propertyPath: m_Layer
      value: 12
      objectReference: {fileID: 0}
    - target: {fileID: 197014, guid: c14bb5ce28dbb7442a2f79d8b6a061ce, type: 3}
      propertyPath: m_Layer
      value: 12
      objectReference: {fileID: 0}
    - target: {fileID: 400000, guid: c14bb5ce28dbb7442a2f79d8b6a061ce, type: 3}
      propertyPath: m_LocalPosition.x
      value: -0.0000031573434
      objectReference: {fileID: 0}
    - target: {fileID: 400000, guid: c14bb5ce28dbb7442a2f79d8b6a061ce, type: 3}
      propertyPath: m_LocalPosition.y
      value: -0.058
      objectReference: {fileID: 0}
    - target: {fileID: 400000, guid: c14bb5ce28dbb7442a2f79d8b6a061ce, type: 3}
      propertyPath: m_LocalPosition.z
      value: -0.3729748
      objectReference: {fileID: 0}
    - target: {fileID: 400000, guid: c14bb5ce28dbb7442a2f79d8b6a061ce, type: 3}
      propertyPath: m_LocalRotation.x
      value: -0.70710635
      objectReference: {fileID: 0}
    - target: {fileID: 400000, guid: c14bb5ce28dbb7442a2f79d8b6a061ce, type: 3}
      propertyPath: m_LocalRotation.y
      value: -0
      objectReference: {fileID: 0}
    - target: {fileID: 400000, guid: c14bb5ce28dbb7442a2f79d8b6a061ce, type: 3}
      propertyPath: m_LocalRotation.z
      value: 0.000000029802322
      objectReference: {fileID: 0}
    - target: {fileID: 400000, guid: c14bb5ce28dbb7442a2f79d8b6a061ce, type: 3}
      propertyPath: m_LocalRotation.w
      value: 0.70710725
      objectReference: {fileID: 0}
    - target: {fileID: 400000, guid: c14bb5ce28dbb7442a2f79d8b6a061ce, type: 3}
      propertyPath: m_RootOrder
      value: 0
      objectReference: {fileID: 0}
    - target: {fileID: 400000, guid: c14bb5ce28dbb7442a2f79d8b6a061ce, type: 3}
      propertyPath: m_LocalEulerAnglesHint.x
      value: -90
      objectReference: {fileID: 0}
    - target: {fileID: 400000, guid: c14bb5ce28dbb7442a2f79d8b6a061ce, type: 3}
      propertyPath: m_LocalEulerAnglesHint.y
      value: 0
      objectReference: {fileID: 0}
    - target: {fileID: 400000, guid: c14bb5ce28dbb7442a2f79d8b6a061ce, type: 3}
      propertyPath: m_LocalEulerAnglesHint.z
      value: 0
      objectReference: {fileID: 0}
    - target: {fileID: 400000, guid: c14bb5ce28dbb7442a2f79d8b6a061ce, type: 3}
      propertyPath: m_LocalScale.x
      value: 0.5
      objectReference: {fileID: 0}
    - target: {fileID: 400000, guid: c14bb5ce28dbb7442a2f79d8b6a061ce, type: 3}
      propertyPath: m_LocalScale.y
      value: 0.5
      objectReference: {fileID: 0}
    - target: {fileID: 400000, guid: c14bb5ce28dbb7442a2f79d8b6a061ce, type: 3}
      propertyPath: m_LocalScale.z
      value: 0.5
      objectReference: {fileID: 0}
    - target: {fileID: 400010, guid: c14bb5ce28dbb7442a2f79d8b6a061ce, type: 3}
      propertyPath: m_LocalRotation.x
      value: -0.561373
      objectReference: {fileID: 0}
    - target: {fileID: 400010, guid: c14bb5ce28dbb7442a2f79d8b6a061ce, type: 3}
      propertyPath: m_LocalRotation.y
      value: -0.43074825
      objectReference: {fileID: 0}
    - target: {fileID: 400010, guid: c14bb5ce28dbb7442a2f79d8b6a061ce, type: 3}
      propertyPath: m_LocalRotation.z
      value: -0.43016988
      objectReference: {fileID: 0}
    - target: {fileID: 400010, guid: c14bb5ce28dbb7442a2f79d8b6a061ce, type: 3}
      propertyPath: m_LocalEulerAnglesHint.x
      value: -89.923
      objectReference: {fileID: 0}
    - target: {fileID: 400010, guid: c14bb5ce28dbb7442a2f79d8b6a061ce, type: 3}
      propertyPath: m_LocalEulerAnglesHint.z
      value: -75.001
      objectReference: {fileID: 0}
    - target: {fileID: 400010, guid: c14bb5ce28dbb7442a2f79d8b6a061ce, type: 3}
      propertyPath: m_LocalRotation.w
      value: 0.5605981
      objectReference: {fileID: 0}
    - target: {fileID: 400012, guid: c14bb5ce28dbb7442a2f79d8b6a061ce, type: 3}
      propertyPath: m_LocalRotation.y
      value: -0.27312532
      objectReference: {fileID: 0}
    - target: {fileID: 400012, guid: c14bb5ce28dbb7442a2f79d8b6a061ce, type: 3}
      propertyPath: m_LocalRotation.z
      value: -0.31236783
      objectReference: {fileID: 0}
    - target: {fileID: 400012, guid: c14bb5ce28dbb7442a2f79d8b6a061ce, type: 3}
      propertyPath: m_LocalRotation.w
      value: 0.6677815
      objectReference: {fileID: 0}
    - target: {fileID: 400012, guid: c14bb5ce28dbb7442a2f79d8b6a061ce, type: 3}
      propertyPath: m_LocalEulerAnglesHint.x
      value: -84.861
      objectReference: {fileID: 0}
    - target: {fileID: 400012, guid: c14bb5ce28dbb7442a2f79d8b6a061ce, type: 3}
      propertyPath: m_LocalEulerAnglesHint.y
      value: 13.753
      objectReference: {fileID: 0}
    - target: {fileID: 400012, guid: c14bb5ce28dbb7442a2f79d8b6a061ce, type: 3}
      propertyPath: m_LocalEulerAnglesHint.z
      value: -62.719
      objectReference: {fileID: 0}
    - target: {fileID: 400012, guid: c14bb5ce28dbb7442a2f79d8b6a061ce, type: 3}
      propertyPath: m_LocalRotation.x
      value: -0.6179781
      objectReference: {fileID: 0}
    - target: {fileID: 400014, guid: c14bb5ce28dbb7442a2f79d8b6a061ce, type: 3}
      propertyPath: m_LocalRotation.x
      value: 0.6742739
      objectReference: {fileID: 0}
    - target: {fileID: 400014, guid: c14bb5ce28dbb7442a2f79d8b6a061ce, type: 3}
      propertyPath: m_LocalRotation.y
      value: 0.16514465
      objectReference: {fileID: 0}
    - target: {fileID: 400014, guid: c14bb5ce28dbb7442a2f79d8b6a061ce, type: 3}
      propertyPath: m_LocalRotation.w
      value: 0.21609348
      objectReference: {fileID: 0}
    - target: {fileID: 400014, guid: c14bb5ce28dbb7442a2f79d8b6a061ce, type: 3}
      propertyPath: m_LocalEulerAnglesHint.x
      value: 31.21
      objectReference: {fileID: 0}
    - target: {fileID: 400014, guid: c14bb5ce28dbb7442a2f79d8b6a061ce, type: 3}
      propertyPath: m_LocalEulerAnglesHint.y
      value: -87.577
      objectReference: {fileID: 0}
    - target: {fileID: 400014, guid: c14bb5ce28dbb7442a2f79d8b6a061ce, type: 3}
      propertyPath: m_LocalEulerAnglesHint.z
      value: -175.035
      objectReference: {fileID: 0}
    - target: {fileID: 400014, guid: c14bb5ce28dbb7442a2f79d8b6a061ce, type: 3}
      propertyPath: m_LocalRotation.z
      value: -0.6865753
      objectReference: {fileID: 0}
    - target: {fileID: 400016, guid: c14bb5ce28dbb7442a2f79d8b6a061ce, type: 3}
      propertyPath: m_LocalRotation.z
      value: -0.61590904
      objectReference: {fileID: 0}
    - target: {fileID: 400016, guid: c14bb5ce28dbb7442a2f79d8b6a061ce, type: 3}
      propertyPath: m_LocalRotation.w
      value: 0.3456676
      objectReference: {fileID: 0}
    - target: {fileID: 400016, guid: c14bb5ce28dbb7442a2f79d8b6a061ce, type: 3}
      propertyPath: m_LocalEulerAnglesHint.x
      value: 121.377
      objectReference: {fileID: 0}
    - target: {fileID: 400016, guid: c14bb5ce28dbb7442a2f79d8b6a061ce, type: 3}
      propertyPath: m_LocalEulerAnglesHint.y
      value: 89.743
      objectReference: {fileID: 0}
    - target: {fileID: 400016, guid: c14bb5ce28dbb7442a2f79d8b6a061ce, type: 3}
      propertyPath: m_LocalEulerAnglesHint.z
      value: -0.23800659
      objectReference: {fileID: 0}
    - target: {fileID: 400016, guid: c14bb5ce28dbb7442a2f79d8b6a061ce, type: 3}
      propertyPath: m_LocalRotation.x
      value: 0.61724305
      objectReference: {fileID: 0}
    - target: {fileID: 400016, guid: c14bb5ce28dbb7442a2f79d8b6a061ce, type: 3}
      propertyPath: m_LocalRotation.y
      value: 0.34667134
      objectReference: {fileID: 0}
    - target: {fileID: 400018, guid: c14bb5ce28dbb7442a2f79d8b6a061ce, type: 3}
      propertyPath: m_LocalRotation.w
      value: 0.60876197
      objectReference: {fileID: 0}
    - target: {fileID: 400018, guid: c14bb5ce28dbb7442a2f79d8b6a061ce, type: 3}
      propertyPath: m_LocalRotation.x
      value: 0.00000005960463
      objectReference: {fileID: 0}
    - target: {fileID: 400018, guid: c14bb5ce28dbb7442a2f79d8b6a061ce, type: 3}
      propertyPath: m_LocalRotation.y
      value: 0.7933529
      objectReference: {fileID: 0}
    - target: {fileID: 400018, guid: c14bb5ce28dbb7442a2f79d8b6a061ce, type: 3}
      propertyPath: m_LocalRotation.z
      value: -0.00000005960463
      objectReference: {fileID: 0}
    - target: {fileID: 400018, guid: c14bb5ce28dbb7442a2f79d8b6a061ce, type: 3}
      propertyPath: m_LocalEulerAnglesHint.y
      value: 105
      objectReference: {fileID: 0}
    - target: {fileID: 444056, guid: c14bb5ce28dbb7442a2f79d8b6a061ce, type: 3}
      propertyPath: m_LocalRotation.y
      value: 0.18359907
      objectReference: {fileID: 0}
    - target: {fileID: 444056, guid: c14bb5ce28dbb7442a2f79d8b6a061ce, type: 3}
      propertyPath: m_LocalRotation.z
      value: -0.73349017
      objectReference: {fileID: 0}
    - target: {fileID: 444056, guid: c14bb5ce28dbb7442a2f79d8b6a061ce, type: 3}
      propertyPath: m_LocalRotation.w
      value: 0.020519631
      objectReference: {fileID: 0}
    - target: {fileID: 444056, guid: c14bb5ce28dbb7442a2f79d8b6a061ce, type: 3}
      propertyPath: m_LocalEulerAnglesHint.x
      value: -197.228
      objectReference: {fileID: 0}
    - target: {fileID: 444056, guid: c14bb5ce28dbb7442a2f79d8b6a061ce, type: 3}
      propertyPath: m_LocalRotation.x
      value: 0.65411204
      objectReference: {fileID: 0}
    - target: {fileID: 444056, guid: c14bb5ce28dbb7442a2f79d8b6a061ce, type: 3}
      propertyPath: m_LocalEulerAnglesHint.y
      value: 94.615
      objectReference: {fileID: 0}
    - target: {fileID: 444056, guid: c14bb5ce28dbb7442a2f79d8b6a061ce, type: 3}
      propertyPath: m_LocalEulerAnglesHint.z
      value: -12.705994
      objectReference: {fileID: 0}
    - target: {fileID: 450998, guid: c14bb5ce28dbb7442a2f79d8b6a061ce, type: 3}
      propertyPath: m_LocalRotation.x
      value: 0.010953573
      objectReference: {fileID: 0}
    - target: {fileID: 450998, guid: c14bb5ce28dbb7442a2f79d8b6a061ce, type: 3}
      propertyPath: m_LocalRotation.y
      value: -0.27484372
      objectReference: {fileID: 0}
    - target: {fileID: 450998, guid: c14bb5ce28dbb7442a2f79d8b6a061ce, type: 3}
      propertyPath: m_LocalRotation.z
      value: 0.26867768
      objectReference: {fileID: 0}
    - target: {fileID: 450998, guid: c14bb5ce28dbb7442a2f79d8b6a061ce, type: 3}
      propertyPath: m_LocalRotation.w
      value: 0.9231215
      objectReference: {fileID: 0}
    - target: {fileID: 450998, guid: c14bb5ce28dbb7442a2f79d8b6a061ce, type: 3}
      propertyPath: m_LocalEulerAnglesHint.z
      value: 29.807
      objectReference: {fileID: 0}
    - target: {fileID: 450998, guid: c14bb5ce28dbb7442a2f79d8b6a061ce, type: 3}
      propertyPath: m_LocalEulerAnglesHint.x
      value: 9.666
      objectReference: {fileID: 0}
    - target: {fileID: 450998, guid: c14bb5ce28dbb7442a2f79d8b6a061ce, type: 3}
      propertyPath: m_LocalEulerAnglesHint.y
      value: -30.582
      objectReference: {fileID: 0}
    - target: {fileID: 464246, guid: c14bb5ce28dbb7442a2f79d8b6a061ce, type: 3}
      propertyPath: m_LocalRotation.w
      value: 1
      objectReference: {fileID: 0}
    - target: {fileID: 464246, guid: c14bb5ce28dbb7442a2f79d8b6a061ce, type: 3}
      propertyPath: m_LocalRotation.z
      value: -1.6798982e-15
      objectReference: {fileID: 0}
    - target: {fileID: 473352, guid: c14bb5ce28dbb7442a2f79d8b6a061ce, type: 3}
      propertyPath: m_LocalRotation.x
      value: 0.117699936
      objectReference: {fileID: 0}
    - target: {fileID: 473352, guid: c14bb5ce28dbb7442a2f79d8b6a061ce, type: 3}
      propertyPath: m_LocalRotation.y
      value: -0.5863873
      objectReference: {fileID: 0}
    - target: {fileID: 473352, guid: c14bb5ce28dbb7442a2f79d8b6a061ce, type: 3}
      propertyPath: m_LocalRotation.z
      value: 0.427757
      objectReference: {fileID: 0}
    - target: {fileID: 473352, guid: c14bb5ce28dbb7442a2f79d8b6a061ce, type: 3}
      propertyPath: m_LocalRotation.w
      value: 0.677732
      objectReference: {fileID: 0}
    - target: {fileID: 473352, guid: c14bb5ce28dbb7442a2f79d8b6a061ce, type: 3}
      propertyPath: m_LocalEulerAnglesHint.x
      value: 41.392
      objectReference: {fileID: 0}
    - target: {fileID: 473352, guid: c14bb5ce28dbb7442a2f79d8b6a061ce, type: 3}
      propertyPath: m_LocalEulerAnglesHint.y
      value: -67.706
      objectReference: {fileID: 0}
    - target: {fileID: 473352, guid: c14bb5ce28dbb7442a2f79d8b6a061ce, type: 3}
      propertyPath: m_LocalEulerAnglesHint.z
      value: 36.077
      objectReference: {fileID: 0}
    - target: {fileID: 478038, guid: c14bb5ce28dbb7442a2f79d8b6a061ce, type: 3}
      propertyPath: m_LocalRotation.x
      value: 0.1906691
      objectReference: {fileID: 0}
    - target: {fileID: 478038, guid: c14bb5ce28dbb7442a2f79d8b6a061ce, type: 3}
      propertyPath: m_LocalRotation.y
      value: -0.17502129
      objectReference: {fileID: 0}
    - target: {fileID: 478038, guid: c14bb5ce28dbb7442a2f79d8b6a061ce, type: 3}
      propertyPath: m_LocalRotation.z
      value: -0.65319246
      objectReference: {fileID: 0}
    - target: {fileID: 478038, guid: c14bb5ce28dbb7442a2f79d8b6a061ce, type: 3}
      propertyPath: m_LocalRotation.w
      value: 0.71158457
      objectReference: {fileID: 0}
    - target: {fileID: 478038, guid: c14bb5ce28dbb7442a2f79d8b6a061ce, type: 3}
      propertyPath: m_LocalEulerAnglesHint.z
      value: -85.754
      objectReference: {fileID: 0}
    - target: {fileID: 478038, guid: c14bb5ce28dbb7442a2f79d8b6a061ce, type: 3}
      propertyPath: m_LocalEulerAnglesHint.x
      value: 2.448
      objectReference: {fileID: 0}
    - target: {fileID: 478038, guid: c14bb5ce28dbb7442a2f79d8b6a061ce, type: 3}
      propertyPath: m_LocalEulerAnglesHint.y
      value: -29.909
      objectReference: {fileID: 0}
    - target: {fileID: 492648, guid: c14bb5ce28dbb7442a2f79d8b6a061ce, type: 3}
      propertyPath: m_LocalRotation.x
      value: -0.12940915
      objectReference: {fileID: 0}
    - target: {fileID: 492648, guid: c14bb5ce28dbb7442a2f79d8b6a061ce, type: 3}
      propertyPath: m_LocalRotation.y
      value: 0.12940994
      objectReference: {fileID: 0}
    - target: {fileID: 492648, guid: c14bb5ce28dbb7442a2f79d8b6a061ce, type: 3}
      propertyPath: m_LocalRotation.z
      value: 0.017037088
      objectReference: {fileID: 0}
    - target: {fileID: 492648, guid: c14bb5ce28dbb7442a2f79d8b6a061ce, type: 3}
      propertyPath: m_LocalRotation.w
      value: 0.98296297
      objectReference: {fileID: 0}
    - target: {fileID: 492648, guid: c14bb5ce28dbb7442a2f79d8b6a061ce, type: 3}
      propertyPath: m_LocalEulerAnglesHint.y
      value: 15
      objectReference: {fileID: 0}
    - target: {fileID: 492648, guid: c14bb5ce28dbb7442a2f79d8b6a061ce, type: 3}
      propertyPath: m_LocalEulerAnglesHint.x
      value: -15
      objectReference: {fileID: 0}
    - target: {fileID: 492944, guid: c14bb5ce28dbb7442a2f79d8b6a061ce, type: 3}
      propertyPath: m_LocalRotation.x
      value: -0.0028965466
      objectReference: {fileID: 0}
    - target: {fileID: 492944, guid: c14bb5ce28dbb7442a2f79d8b6a061ce, type: 3}
      propertyPath: m_LocalRotation.y
      value: -0.074440144
      objectReference: {fileID: 0}
    - target: {fileID: 492944, guid: c14bb5ce28dbb7442a2f79d8b6a061ce, type: 3}
      propertyPath: m_LocalRotation.z
      value: 0.003598663
      objectReference: {fileID: 0}
    - target: {fileID: 492944, guid: c14bb5ce28dbb7442a2f79d8b6a061ce, type: 3}
      propertyPath: m_LocalRotation.w
      value: 0.9972148
      objectReference: {fileID: 0}
    - target: {fileID: 492944, guid: c14bb5ce28dbb7442a2f79d8b6a061ce, type: 3}
      propertyPath: m_LocalEulerAnglesHint.x
      value: -0.3
      objectReference: {fileID: 0}
    - target: {fileID: 492944, guid: c14bb5ce28dbb7442a2f79d8b6a061ce, type: 3}
      propertyPath: m_LocalEulerAnglesHint.y
      value: -8.539
      objectReference: {fileID: 0}
    - target: {fileID: 492944, guid: c14bb5ce28dbb7442a2f79d8b6a061ce, type: 3}
      propertyPath: m_LocalEulerAnglesHint.z
      value: 0.436
      objectReference: {fileID: 0}
    - target: {fileID: 9500000, guid: c14bb5ce28dbb7442a2f79d8b6a061ce, type: 3}
      propertyPath: m_Enabled
      value: 0
      objectReference: {fileID: 0}
    m_RemovedComponents: []
  m_SourcePrefab: {fileID: 100100000, guid: c14bb5ce28dbb7442a2f79d8b6a061ce, type: 3}
--- !u!1 &7660019734678358239 stripped
GameObject:
  m_CorrespondingSourceObject: {fileID: 100000, guid: c14bb5ce28dbb7442a2f79d8b6a061ce, type: 3}
  m_PrefabInstance: {fileID: 7660019734678457983}
  m_PrefabAsset: {fileID: 0}
--- !u!4 &7660019734678328575 stripped
Transform:
  m_CorrespondingSourceObject: {fileID: 400000, guid: c14bb5ce28dbb7442a2f79d8b6a061ce, type: 3}
  m_PrefabInstance: {fileID: 7660019734678457983}
  m_PrefabAsset: {fileID: 0}
